3276 5086
431 415 637 468 nnnnexun
663 413 994 470 nsnxnnuuunun.
1224 398 1291 466 327

214 591 246 658 3.
299 574 369 645 Οὐκ
404 573 469 672 ἄρα
502 573 555 646 οὖν
586 573 723 674 ἄμοιρος
747 578 765 657 i
789 572 881 674 σὰρξ
910 577 1059 671 τεχνικῆς
1086 575 1212 673 σοφίαι
1237 575 1291 646 καὶ
1335 586 1426 670 effl-

134 681 292 767 δυνάμεως
322 686 418 757 Θεοῦ.
477 686 598 758 ”Αλλ’
621 690 649 758 εἶ
673 691 691 769 ἦ
717 683 845 770 δύναμις
873 687 982 772 αάποιῆ,
1014 684 1084 770 ῆτις
1111 688 1185 758 ἐστι
1211 685 1291 787 ζωῆς
1317 679 1439 780 ῗίῖῆεῆιδζ

133 798 323 894 παρεκτικῆ,
358 801 390 869 έν
409 801 561 892 ἀσθενείᾳ
578 803 776 884 τελειοῦται,
796 801 975 872 τουτέστιν
995 801 1027 870 έν
1053 800 1164 899 σαρκί·
1195 795 1290 870 εἶπά·
1311 773 1454 856 -E—

134 939 249 980 πωσαν
281 914 355 995 ἡμῖν
388 915 421 984 αι’
454 913 614 1003 λέγοντες
645 912 690 996 μῆ
720 911 798 982 εἶναι
830 911 975 994 δεκτικῆν
1003 911 1064 994 τῆν
1095 909 1203 1010 σάρκα
1233 915 1292 994 τῆς

135 1020 228 1120 παρὰ
262 1026 325 1095 τοῦ
359 1024 445 1094 θεοῦ
484 1023 652 1109 δεδομένης
687 1022 776 1125 ζωῆς,
811 1025 959 1122 πότερον
990 1023 1108 1124 ζῶντες
1138 1027 1198 1108 νῦν,
1236 1025 1290 1095 καὶ

133 1135 334 1230 μετέχοντες
372 1139 431 1220 τῆς
459 1135 539 1238 ζωῆς
568 1138 708 1228 λέγουσι
744 1139 864 1220 ταῦτα,
901 1134 918 1219 ῆ
954 1135 997 1208 τὸ
1026 1139 1175 1208 καθόλου
1208 1135 1290 1237 ζωῆς

133 1248 333 1343 μετέχοντες
348 1247 455 1333 μηδέν,
475 1249 601 1347 νεκροὺς
619 1246 653 1318 δέ
677 1248 791 1326 αὖτοὺς
808 1252 859 1338 τῷ
877 1250 1020 1348 παρόντι
1042 1252 1291 1340 ὁμολογοῦσιν;

135 1359 236 1429 Ἀλλ’
253 1363 280 1430 si
298 1358 357 1443 μέν
378 1361 440 1432 εἷσέ
461 1361 574 1460 νεκροὶ,
589 1365 655 1439 πῶς
674 1361 727 1432 καὶ
745 1365 917 1445 κινοῦνται,
932 1362 987 1432 καὶ
1005 1363 1154 1453 λέγουσι,
1171 1362 1225 1432 καὶ
1243 1359 1289 1432 τά

134 1470 242 1542 λοιπὰ
263 1475 423 1556 ποιοῦσιν,
442 1472 529 1572 ἅπερ
555 1473 629 1569 οάχὶ
650 1477 772 1571 νεκρῶν,
795 1472 888 1544 α’λλᾶ
908 1472 1037 1574 ζώντων
1054 1476 1160 1571 έριγα;
1187 1473 1237 1544 Εἰ
1257 1471 1292 1544 δέ

137 1583 218 1684 ζῶσι
245 1587 305 1667 νῦν,
333 1585 386 1654 καὶ
410 1585 492 1656 ὅλον
515 1591 611 1669 σῶμα
636 1587 741 1656 αὐτῶν
760 1587 895 1682 μετέχει
919 1589 978 1668 τῆς
1005 1585 1094 1686 ζωῆς,
1118 1591 1185 1663 πῶς
1207 1595 1292 1658 πολ-

134 1701 221 1779 μῶσι
251 1697 363 1788 λέγειν
388 1700 432 1781 μῆ
458 1697 535 1768 εἶναι
565 1700 626 1781 τῆν
652 1695 759 1797 σάρκα
787 1697 934 1781 δεκτικῆν
962 1729 1002 1770 τε
1027 1700 1081 1770 καὶ
1108 1701 1290 1794 μετοχικῆν

135 1812 194 1890 τῆς
220 1805 309 1907 ζωῆς,
332 1811 578 1902 ὁμολογοῦντες
602 1812 688 1906 ἔχειν
714 1809 796 1911 ζωῆν
823 1813 855 1882 έν
880 1815 928 1900 τῷ
954 1813 1119 1908 παρόντι;
1143 1810 1291 1894 Ὅμοιον

136 1921 214 1996 εἴτις
235 1924 411 2014 σπογγίαν
432 1921 551 1999 ὕδατος
575 1927 685 2021 πλῆρη
709 1927 846 2020 κρατῶν,
865 1921 884 2006 ἢ
906 1920 1069 2007 λαμπάδα
1090 1922 1228 2022 ²duna-cic,
1245 1924 1290 2008 μῆ

136 2031 291 2104 δύνασθαι
309 2036 402 2126 λέγει
420 2037 574 2131 μετέχειν
588 2041 650 2107 τοῦ
662 2034 781 2111 ὕδατος
799 2034 853 2105 έπὶ
869 2044 926 2118 τῆς
941 2037 1122 2126 σπογγέας,
1136 2035 1217 2119 μηδὲ
1232 2037 1292 2119 τῆν

135 2143 297 2229 λαμπάδα
315 2155 376 2218 τοῦ
395 2150 506 2245 πυρός.
550 2147 623 2218 Τδν
643 2145 892 2245 αὐτὸντρόπον
911 2148 965 2218 καὶ
986 2149 1079 2218 οὗτοι
1100 2147 1155 2248 ζῆν
1173 2149 1293 2240 λέγον-

135 2289 189 2333 τες
207 2259 261 2328 καὶ
279 2257 468 2362 βαστάζειν
485 2259 567 2362 ζωὴν
592 2261 625 2328 έν
649 2270 720 2336 τοῖς
742 2256 836 2334 ι’δῖοις
852 2261 997 2344 μέλεσιν,
1022 2261 1138 2330 ἔπειτα
1164 2261 1292 2336 έαυτοῖς

135 2371 381 2456 ἐναντιούμενοι,
399 2371 444 2443 τά
464 2374 548 2456 μέλη
569 2373 674 2442 αὐτῶν
688 2367 873 2442 ἐπιδεκτικὰ
894 2373 938 2457 μῆ
959 2373 1098 2464 λέγουσι
1122 2373 1181 2454 τῆς
1201 2369 1291 2472 ζωῆς.

201 2578 231 2640 3.
271 2573 344 2638 Non
359 2573 455 2661 igitur
469 2596 575 2640 exsors
591 2582 638 2640 est
653 2596 725 2638 caro
740 2573 900 2658 sapientia
915 2581 947 2639 et
962 2573 1085 2638 virtutis
1098 2573 1169 2639 Dei.
1208 2573 1291 2638 Nam

135 2676 234 2741 virtus
248 2679 316 2762 ejus
332 2699 401 2762 quae
416 2677 511 2740 vitam
529 2685 667 2762 praestat,
688 2677 721 2740 in
741 2676 921 2741 infirmitate
939 2676 1107 2762 perficitur,
1127 2677 1160 2742 id
1180 2684 1239 2754 est,
1259 2677 1291 2740 in

135 2799 237 2843 carne.
277 2779 394 2843 Dicant
409 2787 515 2844 autem
530 2779 630 2858 nobie,
646 2779 698 2864 qui
715 2779 823 2843 dicunt
838 2801 900 2843 non
915 2801 984 2844 esse
999 2801 1145 2862 capacem
1165 2801 1290 2843 carnem

134 2881 215 2946 illius
230 2882 301 2946 vitoe
317 2903 387 2966 quae
402 2883 527 2946 datura
542 2883 622 2958 Deo,
638 2891 743 2946 utrum
758 2882 895 2947 viventes
913 2904 1006 2959 nunc,
1022 2890 1055 2946 et
1070 2881 1291 2968 participantes

134 2986 228 3050 vitam
244 2985 350 3050 dicant
370 2986 458 3062 haec;
483 3007 524 3050 an
538 2985 572 3048 in
586 2993 687 3049 totum
702 2985 775 3050 vitae
791 2986 914 3071 quidem
935 2985 1085 3050 habentes
1107 2985 1193 3066 nihil,
1210 3009 1291 3052 mor·

133 3095 205 3153 tuos
224 3096 330 3153 autem
349 3088 532 3174 semetipsos
553 3087 584 3150 in
603 3088 748 3172 piaesenti
769 3089 1017 3153 confitebunturt
1054 3087 1098 3152 Et
1118 3089 1145 3152 si
1166 3089 1291 3173 quidem

133 3192 257 3270 mortui,
290 3192 443 3276 quomodo
472 3200 505 3255 et
528 3199 691 3254 moventur
714 3199 747 3255 et
773 3190 941 3276 loquuntur
960 3199 993 3255 et
1017 3191 1135 3276 reliqua
1162 3191 1289 3266 iaciunt,

134 3315 202 3377 quoe
223 3315 285 3358 non
308 3302 500 3358 mortuorum
519 3292 576 3357 sed
595 3292 733 3358 vivorum
752 3301 826 3356 sunt
845 3295 960 3380 operat
1003 3293 1037 3356 Si
1060 3301 1164 3356 autem
1184 3293 1291 3356 vivunt

134 3417 225 3474 nunc,
248 3404 281 3460 et
302 3403 403 3460 totum
427 3395 547 3459 illorum
571 3417 683 3480 corpus
703 3394 869 3480 participat
889 3395 971 3472 vitae,
996 3395 1151 3480 quomodo
1174 3395 1290 3460 audent

134 3497 234 3562 dicere
249 3519 310 3562 non
326 3519 394 3562 esse
409 3519 532 3562 carnem
549 3496 810 3582 participatricem
825 3497 907 3575 vitae,
923 3497 1108 3562 confitentes
1128 3497 1241 3562 habere
1256 3519 1290 3561 se

134 3600 229 3664 vitam
252 3601 284 3664 in
305 3600 470 3686 praesentit
508 3601 617 3666 Simile
639 3609 688 3665 est
708 3601 967 3685 quemadmodum
989 3601 1016 3664 si
1039 3601 1108 3685 quis
1126 3600 1291 3687 spongiam

134 3723 224 3786 aquae
255 3701 378 3785 plenam
403 3710 524 3779 tenens,
554 3703 602 3766 vel
627 3703 761 3768 faculam
784 3703 875 3790 ignis,
902 3725 964 3767 non
990 3723 1080 3788 posse
1106 3702 1290 3788 participare

134 3827 223 3889 aquae
247 3804 331 3868 dicat
354 3805 525 3891 spongiam,
546 3828 646 3892 neque
670 3807 803 3871 faculam
825 3807 899 3892 igni.
938 3806 1060 3870 Eodem
1087 3807 1178 3871 modo
1198 3814 1230 3872 et
1256 3805 1289 3869 hi

134 3907 234 3972 vivere
255 3927 289 3970 se
309 3905 457 3982 dicentes,
479 3915 511 3970 et
531 3917 653 3992 portare
667 3909 762 3972 vitam
781 3909 931 3987 dicentes,
951 3909 1036 3973 etin
1057 3908 1122 3972 suis
1142 3907 1289 3972 membris

133 4009 336 4084 exsultantes,
357 4015 467 4093 postea
486 4007 686 4094 sibimetipsis
710 4011 856 4074 contrarii
879 4011 1076 4089 exsistentes,
1097 4011 1205 4076 dicunt
1225 4033 1288 4076 non

132 4138 202 4182 esse
215 4113 355 4179 membra
375 4111 512 4198 ipsorum
529 4115 754 4200 ²percapabilia
767 4115 851 4180 vitae.
894 4116 928 4180 Si
948 4124 1053 4180 autem
1069 4115 1137 4180 haec
1152 4137 1221 4203 quae
1239 4125 1288 4182 est

132 4286 259 4336 toMess.
271 4286 315 4334 the
326 4284 520 4349 representative
531 4283 560 4334 ol
569 4286 653 4335 δασέα.
786 4287 795 4322 ¹
814 4288 901 4338 Either
928 4287 951 4338 κε’
974 4289 1019 4338 has
1038 4287 1168 4338 beenlost
1195 4293 1222 4338 to
1244 4289 1287 4340 the

182 4365 193 4398 ⁸
209 4371 260 4415 An.
273 4367 301 4415 in
312 4367 507 4416 ἰατιζοεωο...εε
518 4365 580 4416 atio.
737 4370 821 4430 Latin,
841 4369 891 4418 and
908 4376 986 4418 autem
1003 4369 1109 4417 inserted
1126 4370 1152 4416 in
1168 4370 1211 4418 the
1227 4376 1288 4419 next

182 4447 193 4480 ⁰
210 4447 256 4498 Cn.
269 4449 343 4498 omits
354 4447 403 4498 scd.
736 4455 858 4510 sentence,
877 4467 905 4499 or
921 4452 937 4509 ἡ
953 4451 1002 4513 γάρ
1018 4450 1063 4498 has
1077 4451 1177 4499 become
1195 4453 1251 4500 αλλ’
1268 4453 1289 4498 εἰ

183 4527 205 4560 ¹⁰
221 4530 270 4580 Ga.
278 4529 414 4592 sapiaentia.
426 4568 431 4580 .
441 4566 447 4579 .
457 4566 464 4580 .
473 4530 562 4590 Deum,
573 4531 621 4580 but
629 4529 683 4589 Ota,
736 4529 763 4576 in
774 4529 817 4578 the
828 4529 918 4588 Greek,
932 4545 959 4576 as
971 4530 1066 4576 Gnssx
1078 4528 1122 4576 has
1134 4528 1274 4591 suggested.

134 4611 293 4670 Vm.,Voss.
306 4627 334 4662 as
344 4611 684 4674 ab0v0,npamia....1>ni.
785 4609 797 4640 ³
814 4609 870 4670 Cu„
884 4609 965 4662 Voss.
991 4609 1254 4671 postconsulatum.
