<?xml version="1.0" encoding="UTF-8"?>
<!DOCTYPE html PUBLIC "-//W3C//DTD XHTML 1.0 Transitional//EN"
    "http://www.w3.org/TR/xhtml1/DTD/xhtml1-transitional.dtd">
<html xmlns="http://www.w3.org/1999/xhtml" xml:lang="en" lang="en">
 <head>
  <title>
</title>
<meta http-equiv="Content-Type" content="text/html;charset=utf-8" />
  <meta name='ocr-system' content='tesseract 3.04.00' />
  <meta name='ocr-capabilities' content='ocr_page ocr_carea ocr_par ocr_line ocrx_word'/>
</head>
<body>
  <div class='ocr_page' id='page_1' title='image "./sanctiirenaeili00irengoog_0143.png"; bbox 0 0 3334 5070; ppageno 0'>
   <div class='ocr_carea' id='block_1_1' title="bbox 336 376 1160 442">
    <p class='ocr_par' dir='ltr' id='par_1_1' title="bbox 336 376 1160 442">
     <span class='ocr_line' id='line_1_1' title="bbox 336 376 1160 442; baseline 0 -2"><span class='ocrx_word' id='word_1_1' title='bbox 336 376 402 440; x_wconf 85' lang='lat'>132</span> <span class='ocrx_word' id='word_1_2' title='bbox 656 389 756 442; x_wconf 82' lang='lat' dir='ltr'>unns</span> <span class='ocrx_word' id='word_1_3' title='bbox 782 389 941 442; x_wconf 84' lang='lat' dir='ltr'>onrvruu</span> <span class='ocrx_word' id='word_1_4' title='bbox 969 387 1160 442; x_wconf 83' lang='lat' dir='ltr'>counrroa</span> 
     </span>
    </p>
   </div>
   <div class='ocr_carea' id='block_1_2' title="bbox 194 537 1492 628">
    <p class='ocr_par' dir='ltr' id='par_1_2' title="bbox 194 537 1492 628">
     <span class='ocr_line' id='line_1_2' title="bbox 194 537 1492 628; baseline 0.002 -26"><span class='ocrx_word' id='word_1_5' title='bbox 194 563 246 602; x_wconf 83' lang='lat' dir='ltr'>na.</span> <span class='ocrx_word' id='word_1_6' title='bbox 257 563 297 602; x_wconf 95' lang='grc' dir='ltr'>ιιι.</span> <span class='ocrx_word' id='word_1_7' title='bbox 335 561 453 620; x_wconf 89' lang='lat' dir='ltr'>omnes,</span> <span class='ocrx_word' id='word_1_8' title='bbox 469 541 523 628; x_wconf 91' lang='lat' dir='ltr'>qui</span> <span class='ocrx_word' id='word_1_9' title='bbox 537 544 816 606; x_wconf 87' lang='lat' dir='ltr'>non¹ooncnrrunt</span> <span class='ocrx_word' id='word_1_10' title='bbox 829 539 870 604; x_wconf 86' lang='lat' dir='ltr'>ad</span> <span class='ocrx_word' id='word_1_11' title='bbox 882 537 1067 618; x_wconf 76' lang='lat' dir='ltr'>Ecclesiam,</span> <span class='ocrx_word' id='word_1_12' title='bbox 1079 539 1135 604; x_wconf 90' lang='lat' dir='ltr'>aed</span> <span class='ocrx_word' id='word_1_13' title='bbox 1150 537 1334 624; x_wconf 87' lang='lat' dir='ltr'>semetipsos</span> <span class='ocrx_word' id='word_1_14' title='bbox 1347 537 1492 604; x_wconf 86' lang='lat' dir='ltr'>fraudant</span> 
     </span>
    </p>
   </div>
   <div class='ocr_carea' id='block_1_3' title="bbox 188 608 303 648">
    <p class='ocr_par' dir='ltr' id='par_1_3' title="bbox 188 608 303 648">
     <span class='ocr_line' id='line_1_3' title="bbox 188 608 303 648; baseline 0 0"><span class='ocrx_word' id='word_1_15' title='bbox 188 608 276 648; x_wconf 75' lang='lat' dir='ltr'>xxxviii.</span> <span class='ocrx_word' id='word_1_16' title='bbox 288 610 303 648; x_wconf 92' lang='lat' dir='ltr'>l.</span> 
     </span>
    </p>
   </div>
   <div class='ocr_carea' id='block_1_4' title="bbox 168 641 1583 3303">
    <p class='ocr_par' dir='ltr' id='par_1_4' title="bbox 178 641 1490 740">
     <span class='ocr_line' id='line_1_4' title="bbox 178 641 1490 740; baseline -0.004 -30"><span class='ocrx_word' id='word_1_17' title='bbox 178 655 311 740; x_wconf 58' lang='lat' dir='ltr'>ffigfflt</span> <span class='ocrx_word' id='word_1_18' title='bbox 334 665 356 710; x_wconf 88' lang='lat' dir='ltr'>a</span> <span class='ocrx_word' id='word_1_19' title='bbox 382 643 454 721; x_wconf 89' lang='lat' dir='ltr'>vita,</span> <span class='ocrx_word' id='word_1_20' title='bbox 478 665 533 728; x_wconf 91' lang='lat' dir='ltr'>per</span> <span class='ocrx_word' id='word_1_21' title='bbox 555 643 743 708; x_wconf 88' lang='lat' dir='ltr'>sententiam</span> <span class='ocrx_word' id='word_1_22' title='bbox 766 641 889 720; x_wconf 87' lang='lat' dir='ltr'>malam,</span> <span class='ocrx_word' id='word_1_23' title='bbox 912 650 945 706; x_wconf 89' lang='lat' dir='ltr'>et</span> <span class='ocrx_word' id='word_1_24' title='bbox 966 641 1178 728; x_wconf 76' lang='lat' dir='ltr'>operationem</span> <span class='ocrx_word' id='word_1_25' title='bbox 1201 641 1379 726; x_wconf 80' lang='lat' dir='ltr'><strong>pessimam.</strong></span> <span class='ocrx_word' id='word_1_26' title='bbox 1424 641 1490 705; x_wconf 92' lang='lat' dir='ltr'>Ubi</span> 
     </span>
    </p>

    <p class='ocr_par' dir='ltr' id='par_1_5' title="bbox 202 729 1491 834">
     <span class='ocr_line' id='line_1_5' title="bbox 202 729 1491 834; baseline -0.002 -21"><span class='ocrx_word' id='word_1_27' title='bbox 202 729 310 787; x_wconf 74' lang='lat' dir='ltr'>¹v³¹·&#39;</span> <span class='ocrx_word' id='word_1_28' title='bbox 336 749 419 813; x_wconf 75' lang='lat' dir='ltr'>enm</span> <span class='ocrx_word' id='word_1_29' title='bbox 446 747 597 826; x_wconf 72' lang='lat' dir='ltr'>accisa,</span> <span class='ocrx_word' id='word_1_30' title='bbox 623 747 666 814; x_wconf 79' lang='lat' dir='ltr'>ni</span> <span class='ocrx_word' id='word_1_31' title='bbox 692 755 725 811; x_wconf 71' lang='lat' dir='ltr'>et</span> <span class='ocrx_word' id='word_1_32' title='bbox 751 746 886 834; x_wconf 74' lang='lat' dir='ltr'>spiritus</span> <span class='ocrx_word' id='word_1_33' title='bbox 911 745 988 821; x_wconf 63' lang='lat' dir='ltr'>oen</span> <span class='ocrx_word' id='word_1_34' title='bbox 1017 750 1067 810; x_wconf 60' lang='grc' dir='ltr'>ιιι</span> <span class='ocrx_word' id='word_1_35' title='bbox 1091 745 1145 810; x_wconf 79' lang='lat' dir='ltr'>uu</span> <span class='ocrx_word' id='word_1_36' title='bbox 1172 745 1307 830; x_wconf 84' lang='lat' dir='ltr'>spiritus</span> <span class='ocrx_word' id='word_1_37' title='bbox 1330 745 1402 824; x_wconf 78' lang='lat' dir='ltr'>os,</span> <span class='ocrx_word' id='word_1_38' title='bbox 1430 745 1491 810; x_wconf 71' lang='lat' dir='ltr'>nie</span> 
     </span>
    </p>

    <p class='ocr_par' dir='ltr' id='par_1_6' title="bbox 336 848 1492 938">
     <span class='ocr_line' id='line_1_6' title="bbox 336 848 1492 938; baseline -0.003 -23"><span class='ocrx_word' id='word_1_39' title='bbox 336 850 487 927; x_wconf 83' lang='lat' dir='ltr'>Ecclesia,</span> <span class='ocrx_word' id='word_1_40' title='bbox 500 859 533 915; x_wconf 90' lang='lat' dir='ltr'>et</span> <span class='ocrx_word' id='word_1_41' title='bbox 547 849 648 915; x_wconf 92' lang='lat' dir='ltr'>omnis</span> <span class='ocrx_word' id='word_1_42' title='bbox 662 849 778 938; x_wconf 87' lang='lat' dir='ltr'>gratia:</span> <span class='ocrx_word' id='word_1_43' title='bbox 798 848 932 934; x_wconf 84' lang='lat' dir='ltr'>Spiritus</span> <span class='ocrx_word' id='word_1_44' title='bbox 945 857 1052 912; x_wconf 90' lang='lat' dir='ltr'>antem</span> <span class='ocrx_word' id='word_1_45' title='bbox 1066 849 1191 914; x_wconf 85' lang='lat' dir='ltr'>veritas.</span> <span class='ocrx_word' id='word_1_46' title='bbox 1229 849 1424 934; x_wconf 76' lang='lat' dir='ltr'>Quapropter</span> <span class='ocrx_word' id='word_1_47' title='bbox 1438 849 1492 934; x_wconf 93' lang='lat' dir='ltr'>qui</span> 
     </span>
    </p>

    <p class='ocr_par' dir='ltr' id='par_1_7' title="bbox 335 949 1493 1038">
     <span class='ocr_line' id='line_1_7' title="bbox 335 949 1493 1038; baseline -0.001 -23"><span class='ocrx_word' id='word_1_48' title='bbox 335 974 398 1018; x_wconf 91' lang='lat' dir='ltr'>non</span> <span class='ocrx_word' id='word_1_49' title='bbox 423 951 610 1038; x_wconf 85' lang='lat' dir='ltr'>participant</span> <span class='ocrx_word' id='word_1_50' title='bbox 638 973 720 1028; x_wconf 90' lang='lat' dir='ltr'>enm,</span> <span class='ocrx_word' id='word_1_51' title='bbox 750 972 850 1036; x_wconf 89' lang='lat' dir='ltr'>neque</span> <span class='ocrx_word' id='word_1_52' title='bbox 874 971 895 1014; x_wconf 90' lang='lat' dir='ltr'>a</span> <span class='ocrx_word' id='word_1_53' title='bbox 920 949 1096 1014; x_wconf 90' lang='lat' dir='ltr'>mammillis</span> <span class='ocrx_word' id='word_1_54' title='bbox 1123 949 1232 1014; x_wconf 88' lang='lat' dir='ltr'>matris</span> <span class='ocrx_word' id='word_1_55' title='bbox 1257 949 1435 1013; x_wconf 88' lang='lat' dir='ltr'>nutriuntur</span> <span class='ocrx_word' id='word_1_56' title='bbox 1459 950 1493 1014; x_wconf 92' lang='lat' dir='ltr'>in</span> 
     </span>
    </p>

    <p class='ocr_par' dir='ltr' id='par_1_8' title="bbox 334 1051 1493 1142">
     <span class='ocr_line' id='line_1_8' title="bbox 334 1051 1493 1142; baseline -0.003 -22"><span class='ocrx_word' id='word_1_57' title='bbox 334 1055 562 1142; x_wconf 70' lang='lat' dir='ltr'>vitemusque</span> <span class='ocrx_word' id='word_1_58' title='bbox 584 1055 757 1141; x_wconf 88' lang='lat' dir='ltr'>percipiunt</span> <span class='ocrx_word' id='word_1_59' title='bbox 778 1053 817 1118; x_wconf 88' lang='lat' dir='ltr'>do</span> <span class='ocrx_word' id='word_1_60' title='bbox 840 1074 967 1139; x_wconf 86' lang='lat' dir='ltr'>corpore</span> <span class='ocrx_word' id='word_1_61' title='bbox 989 1052 1104 1118; x_wconf 81' lang='lat' dir='ltr'>Christi</span> <span class='ocrx_word' id='word_1_62' title='bbox 1125 1053 1343 1138; x_wconf 90' lang='lat' dir='ltr'>procedentem</span> <span class='ocrx_word' id='word_1_63' title='bbox 1371 1051 1493 1117; x_wconf 87' lang='lat' dir='ltr'>nitidis-</span> 
     </span>
    </p>

    <p class='ocr_par' dir='ltr' id='par_1_9' title="bbox 168 1155 1490 1234">
     <span class='ocr_line' id='line_1_9' title="bbox 168 1155 1490 1234; baseline 0 -12"><span class='ocrx_word' id='word_1_64' title='bbox 168 1167 211 1208; x_wconf 62' lang='grc' dir='ltr'>Μ·</span> <span class='ocrx_word' id='word_1_65' title='bbox 221 1167 243 1208; x_wconf 81' lang='lat'>¹¹·</span> <span class='ocrx_word' id='word_1_66' title='bbox 253 1169 282 1209; x_wconf 67' lang='lat'>¹³</span> <span class='ocrx_word' id='word_1_67' title='bbox 334 1158 447 1223; x_wconf 91' lang='lat' dir='ltr'>simum</span> <span class='ocrx_word' id='word_1_68' title='bbox 462 1158 596 1223; x_wconf 84' lang='lat' dir='ltr'>fontem:</span> <span class='ocrx_word' id='word_1_69' title='bbox 620 1158 676 1222; x_wconf 88' lang='lat' dir='ltr'>sed</span> <span class='ocrx_word' id='word_1_70' title='bbox 691 1157 842 1221; x_wconf 84' lang='lat' dir='ltr'>effodiunt</span> <span class='ocrx_word' id='word_1_71' title='bbox 860 1156 921 1220; x_wconf 88' lang='lat' dir='ltr'>sibi</span> <span class='ocrx_word' id='word_1_72' title='bbox 936 1156 1023 1220; x_wconf 89' lang='lat' dir='ltr'>lacus</span> <span class='ocrx_word' id='word_1_73' title='bbox 1037 1155 1168 1220; x_wconf 86' lang='lat' dir='ltr'>detritos</span> <span class='ocrx_word' id='word_1_74' title='bbox 1183 1155 1222 1220; x_wconf 91' lang='lat' dir='ltr'>de</span> <span class='ocrx_word' id='word_1_75' title='bbox 1240 1155 1332 1220; x_wconf 82' lang='lat' dir='ltr'>fossis</span> <span class='ocrx_word' id='word_1_76' title='bbox 1350 1157 1490 1234; x_wconf 87' lang='lat' dir='ltr'>terrenis,</span> 
     </span>
    </p>

    <p class='ocr_par' dir='ltr' id='par_1_10' title="bbox 333 1257 1492 1347">
     <span class='ocr_line' id='line_1_10' title="bbox 333 1257 1492 1347; baseline -0.003 -21"><span class='ocrx_word' id='word_1_77' title='bbox 333 1269 367 1326; x_wconf 85' lang='lat' dir='ltr'>et</span> <span class='ocrx_word' id='word_1_78' title='bbox 381 1261 420 1326; x_wconf 88' lang='lat' dir='ltr'>de</span> <span class='ocrx_word' id='word_1_79' title='bbox 435 1283 526 1326; x_wconf 86' lang='lat' dir='ltr'>coeno</span> <span class='ocrx_word' id='word_1_80' title='bbox 547 1259 687 1347; x_wconf 88' lang='lat' dir='ltr'>putidam</span> <span class='ocrx_word' id='word_1_81' title='bbox 701 1260 812 1324; x_wconf 91' lang='lat' dir='ltr'>bibunt</span> <span class='ocrx_word' id='word_1_82' title='bbox 826 1281 950 1345; x_wconf 89' lang='lat' dir='ltr'>aquam,</span> <span class='ocrx_word' id='word_1_83' title='bbox 970 1258 1152 1344; x_wconf 83' lang='lat' dir='ltr'>effugientes</span> <span class='ocrx_word' id='word_1_84' title='bbox 1167 1259 1259 1322; x_wconf 89' lang='lat' dir='ltr'>fidem</span> <span class='ocrx_word' id='word_1_85' title='bbox 1276 1257 1437 1338; x_wconf 88' lang='lat' dir='ltr'>Ecclesiae,</span> <span class='ocrx_word' id='word_1_86' title='bbox 1452 1280 1492 1322; x_wconf 90' lang='lat' dir='ltr'>ne</span> 
     </span>
    </p>

    <p class='ocr_par' dir='ltr' id='par_1_11' title="bbox 333 1361 1347 1449">
     <span class='ocr_line' id='line_1_11' title="bbox 333 1361 1347 1449; baseline -0.002 -20"><span class='ocrx_word' id='word_1_87' title='bbox 333 1364 554 1438; x_wconf 89' lang='lat' dir='ltr'>traducantnr;</span> <span class='ocrx_word' id='word_1_88' title='bbox 574 1363 750 1449; x_wconf 87' lang='lat' dir='ltr'>rejicientes</span> <span class='ocrx_word' id='word_1_89' title='bbox 764 1385 835 1426; x_wconf 90' lang='lat' dir='ltr'>vero</span> <span class='ocrx_word' id='word_1_90' title='bbox 852 1361 1013 1447; x_wconf 88' lang='lat' dir='ltr'>Spiritum,</span> <span class='ocrx_word' id='word_1_91' title='bbox 1031 1370 1065 1426; x_wconf 91' lang='lat' dir='ltr'>ut</span> <span class='ocrx_word' id='word_1_92' title='bbox 1080 1383 1142 1426; x_wconf 92' lang='lat' dir='ltr'>non</span> <span class='ocrx_word' id='word_1_93' title='bbox 1157 1361 1347 1427; x_wconf 89' lang='lat' dir='ltr'>erudiantur.</span> 
     </span>
    </p>

    <p class='ocr_par' dir='ltr' id='par_1_12' title="bbox 400 1463 1492 1550">
     <span class='ocr_line' id='line_1_12' title="bbox 400 1463 1492 1550; baseline 0.002 -22"><span class='ocrx_word' id='word_1_94' title='bbox 400 1469 432 1532; x_wconf 77' lang='lat'>2.</span> <span class='ocrx_word' id='word_1_95' title='bbox 471 1463 613 1528; x_wconf 81' lang='lat' dir='ltr'>Alienati</span> <span class='ocrx_word' id='word_1_96' title='bbox 637 1486 709 1528; x_wconf 90' lang='lat' dir='ltr'>vero</span> <span class='ocrx_word' id='word_1_97' title='bbox 731 1486 751 1528; x_wconf 89' lang='lat' dir='ltr'>a</span> <span class='ocrx_word' id='word_1_98' title='bbox 770 1464 910 1542; x_wconf 89' lang='lat' dir='ltr'>veritate,</span> <span class='ocrx_word' id='word_1_99' title='bbox 931 1463 1025 1550; x_wconf 85' lang='lat' dir='ltr'>digne</span> <span class='ocrx_word' id='word_1_100' title='bbox 1039 1463 1072 1528; x_wconf 91' lang='lat' dir='ltr'>in</span> <span class='ocrx_word' id='word_1_101' title='bbox 1088 1463 1172 1529; x_wconf 91' lang='lat' dir='ltr'>omni</span> <span class='ocrx_word' id='word_1_102' title='bbox 1188 1464 1365 1528; x_wconf 91' lang='lat' dir='ltr'>volutantur</span> <span class='ocrx_word' id='word_1_103' title='bbox 1379 1485 1492 1545; x_wconf 90' lang='lat' dir='ltr'>errore,</span> 
     </span>
    </p>

    <p class='ocr_par' dir='ltr' id='par_1_13' title="bbox 333 1565 1492 1652">
     <span class='ocr_line' id='line_1_13' title="bbox 333 1565 1492 1652; baseline 0.002 -22"><span class='ocrx_word' id='word_1_104' title='bbox 333 1565 475 1632; x_wconf 89' lang='lat' dir='ltr'>fluctuati</span> <span class='ocrx_word' id='word_1_105' title='bbox 484 1567 525 1630; x_wconf 93' lang='lat' dir='ltr'>ab</span> <span class='ocrx_word' id='word_1_106' title='bbox 536 1587 584 1644; x_wconf 92' lang='lat' dir='ltr'>eo,</span> <span class='ocrx_word' id='word_1_107' title='bbox 597 1565 688 1630; x_wconf 89' lang='lat' dir='ltr'>aliter</span> <span class='ocrx_word' id='word_1_108' title='bbox 701 1574 796 1650; x_wconf 84' lang='lat' dir='ltr'>atque</span> <span class='ocrx_word' id='word_1_109' title='bbox 810 1565 900 1630; x_wconf 88' lang='lat' dir='ltr'>aliter</span> <span class='ocrx_word' id='word_1_110' title='bbox 912 1587 967 1652; x_wconf 88' lang='lat' dir='ltr'>per</span> <span class='ocrx_word' id='word_1_111' title='bbox 978 1575 1119 1651; x_wconf 89' lang='lat' dir='ltr'>tempora</span> <span class='ocrx_word' id='word_1_112' title='bbox 1130 1566 1169 1631; x_wconf 92' lang='lat' dir='ltr'>de</span> <span class='ocrx_word' id='word_1_113' title='bbox 1182 1566 1299 1631; x_wconf 90' lang='lat' dir='ltr'>eisdem</span> <span class='ocrx_word' id='word_1_114' title='bbox 1311 1567 1492 1647; x_wconf 84' lang='lat' dir='ltr'>sentientes,</span> 
     </span>
    </p>

    <p class='ocr_par' dir='ltr' id='par_1_14' title="bbox 243 1668 1491 1756">
     <span class='ocr_line' id='line_1_14' title="bbox 243 1668 1491 1756; baseline 0 -22"><span class='ocrx_word' id='word_1_115' title='bbox 243 1739 251 1756; x_wconf 33' lang='grc' dir='ltr'>ι</span> <span class='ocrx_word' id='word_1_116' title='bbox 334 1678 367 1735; x_wconf 88' lang='lat' dir='ltr'>et</span> <span class='ocrx_word' id='word_1_117' title='bbox 388 1691 546 1755; x_wconf 91' lang='lat' dir='ltr'>nunquam</span> <span class='ocrx_word' id='word_1_118' title='bbox 570 1668 734 1735; x_wconf 88' lang='lat' dir='ltr'>scientiam</span> <span class='ocrx_word' id='word_1_119' title='bbox 761 1669 945 1734; x_wconf 84' lang='lat' dir='ltr'>³stabilitam</span> <span class='ocrx_word' id='word_1_120' title='bbox 971 1669 1133 1748; x_wconf 88' lang='lat' dir='ltr'>habentes,</span> <span class='ocrx_word' id='word_1_121' title='bbox 1157 1669 1306 1756; x_wconf 79' lang='lat' dir='ltr'>sophistae</span> <span class='ocrx_word' id='word_1_122' title='bbox 1329 1671 1491 1736; x_wconf 88' lang='lat' dir='ltr'>verborum</span> 
     </span>
    </p>

    <p class='ocr_par' dir='ltr' id='par_1_15' title="bbox 334 1771 1490 1859">
     <span class='ocr_line' id='line_1_15' title="bbox 334 1771 1490 1859; baseline 0.001 -23"><span class='ocrx_word' id='word_1_123' title='bbox 334 1771 436 1859; x_wconf 85' lang='lat' dir='ltr'>magis</span> <span class='ocrx_word' id='word_1_124' title='bbox 457 1771 598 1838; x_wconf 87' lang='lat' dir='ltr'>volentes</span> <span class='ocrx_word' id='word_1_125' title='bbox 621 1793 691 1837; x_wconf 89' lang='lat' dir='ltr'>esse</span> <span class='ocrx_word' id='word_1_126' title='bbox 720 1793 814 1859; x_wconf 87' lang='lat' dir='ltr'>quam</span> <span class='ocrx_word' id='word_1_127' title='bbox 843 1771 987 1856; x_wconf 91' lang='lat' dir='ltr'>discipuli</span> <span class='ocrx_word' id='word_1_128' title='bbox 1013 1771 1162 1836; x_wconf 89' lang='lat' dir='ltr'>veritatis.</span> <span class='ocrx_word' id='word_1_129' title='bbox 1211 1772 1284 1837; x_wconf 89' lang='lat' dir='ltr'>Non</span> <span class='ocrx_word' id='word_1_130' title='bbox 1309 1773 1392 1852; x_wconf 80' lang='lat' dir='ltr'>enim</span> <span class='ocrx_word' id='word_1_131' title='bbox 1418 1783 1490 1840; x_wconf 90' lang='lat' dir='ltr'>sunt</span> 
     </span>
    </p>

    <p class='ocr_par' dir='ltr' id='par_1_16' title="bbox 169 1875 1583 2066">
     <span class='ocr_line' id='line_1_16' title="bbox 170 1875 1491 1962; baseline 0.004 -24"><span class='ocrx_word' id='word_1_132' title='bbox 170 1900 307 1940; x_wconf 61' lang='lat' dir='ltr'>masna</span> <span class='ocrx_word' id='word_1_133' title='bbox 334 1875 456 1940; x_wconf 84' lang='lat' dir='ltr'>fundati</span> <span class='ocrx_word' id='word_1_134' title='bbox 479 1898 573 1962; x_wconf 90' lang='lat' dir='ltr'>super</span> <span class='ocrx_word' id='word_1_135' title='bbox 594 1879 707 1940; x_wconf 88' lang='lat' dir='ltr'>⁴unam</span> <span class='ocrx_word' id='word_1_136' title='bbox 731 1886 862 1962; x_wconf 86' lang='lat' dir='ltr'>petram,</span> <span class='ocrx_word' id='word_1_137' title='bbox 893 1876 949 1941; x_wconf 90' lang='lat' dir='ltr'>sed</span> <span class='ocrx_word' id='word_1_138' title='bbox 974 1898 1067 1961; x_wconf 91' lang='lat' dir='ltr'>super</span> <span class='ocrx_word' id='word_1_139' title='bbox 1096 1898 1233 1955; x_wconf 81' lang='lat' dir='ltr'>arenam,</span> <span class='ocrx_word' id='word_1_140' title='bbox 1263 1877 1431 1942; x_wconf 82' lang='lat' dir='ltr'>habentem</span> <span class='ocrx_word' id='word_1_141' title='bbox 1457 1879 1491 1943; x_wconf 90' lang='lat' dir='ltr'>iu</span> 
     </span>
     <span class='ocr_line' id='line_1_17' title="bbox 169 1947 1583 2066; baseline 0.003 -25"><span class='ocrx_word' id='word_1_142' title='bbox 169 1947 228 1986; x_wconf 55' lang='lat' dir='ltr'>‘m</span> <span class='ocrx_word' id='word_1_143' title='bbox 334 1977 437 2064; x_wconf 88' lang='lat' dir='ltr'>seipsa</span> <span class='ocrx_word' id='word_1_144' title='bbox 459 1978 578 2062; x_wconf 91' lang='lat' dir='ltr'>lapides</span> <span class='ocrx_word' id='word_1_145' title='bbox 604 1979 728 2045; x_wconf 89' lang='lat' dir='ltr'>multos.</span> <span class='ocrx_word' id='word_1_146' title='bbox 775 1979 910 2062; x_wconf 90' lang='lat' dir='ltr'>Propter</span> <span class='ocrx_word' id='word_1_147' title='bbox 929 1979 989 2044; x_wconf 87' lang='lat' dir='ltr'>hoo</span> <span class='ocrx_word' id='word_1_148' title='bbox 1009 1987 1042 2044; x_wconf 92' lang='lat' dir='ltr'>et</span> <span class='ocrx_word' id='word_1_149' title='bbox 1064 1979 1179 2044; x_wconf 91' lang='lat' dir='ltr'>multos</span> <span class='ocrx_word' id='word_1_150' title='bbox 1202 1979 1288 2043; x_wconf 91' lang='lat' dir='ltr'>Deos</span> <span class='ocrx_word' id='word_1_151' title='bbox 1311 1979 1443 2066; x_wconf 86' lang='lat' dir='ltr'>fingunt,</span> <span class='ocrx_word' id='word_1_152' title='bbox 1459 1989 1491 2046; x_wconf 92' lang='lat' dir='ltr'>et</span> <span class='ocrx_word' id='word_1_153' title='bbox 1504 2007 1583 2052; x_wconf 67' lang='lat' dir='ltr'>oasa</span> 
     </span>
    </p>

    <p class='ocr_par' dir='ltr' id='par_1_17' title="bbox 334 2082 1490 2170">
     <span class='ocr_line' id='line_1_18' title="bbox 334 2082 1490 2170; baseline 0.003 -25"><span class='ocrx_word' id='word_1_154' title='bbox 334 2104 471 2168; x_wconf 69' lang='lat' dir='ltr'>quaerere</span> <span class='ocrx_word' id='word_1_155' title='bbox 486 2082 610 2167; x_wconf 91' lang='lat' dir='ltr'>quidem</span> <span class='ocrx_word' id='word_1_156' title='bbox 631 2105 754 2170; x_wconf 88' lang='lat' dir='ltr'>semper</span> <span class='ocrx_word' id='word_1_157' title='bbox 777 2083 810 2147; x_wconf 91' lang='lat' dir='ltr'>in</span> <span class='ocrx_word' id='word_1_158' title='bbox 829 2083 1031 2147; x_wconf 90' lang='lat' dir='ltr'>excusatione</span> <span class='ocrx_word' id='word_1_159' title='bbox 1053 2083 1181 2161; x_wconf 90' lang='lat' dir='ltr'>habent,</span> <span class='ocrx_word' id='word_1_160' title='bbox 1206 2083 1375 2149; x_wconf 84' lang='lat' dir='ltr'>caecutiunt</span> <span class='ocrx_word' id='word_1_161' title='bbox 1397 2083 1490 2163; x_wconf 85' lang='lat' dir='ltr'>enirn,</span> 
     </span>
    </p>

    <p class='ocr_par' dir='ltr' id='par_1_18' title="bbox 334 2183 1490 2272">
     <span class='ocr_line' id='line_1_19' title="bbox 334 2183 1490 2272; baseline 0.002 -24"><span class='ocrx_word' id='word_1_162' title='bbox 334 2183 470 2250; x_wconf 92' lang='lat' dir='ltr'>invenire</span> <span class='ocrx_word' id='word_1_163' title='bbox 486 2206 557 2250; x_wconf 89' lang='lat' dir='ltr'>vero</span> <span class='ocrx_word' id='word_1_164' title='bbox 572 2207 729 2271; x_wconf 89' lang='lat' dir='ltr'>nunqnam</span> <span class='ocrx_word' id='word_1_165' title='bbox 746 2195 886 2272; x_wconf 90' lang='lat' dir='ltr'>possunt.</span> <span class='ocrx_word' id='word_1_166' title='bbox 925 2184 1150 2270; x_wconf 90' lang='lat' dir='ltr'>Blasphemant</span> <span class='ocrx_word' id='word_1_167' title='bbox 1164 2185 1247 2250; x_wconf 92' lang='lat' dir='ltr'>enim</span> <span class='ocrx_word' id='word_1_168' title='bbox 1263 2186 1490 2266; x_wconf 81' lang='lat' dir='ltr'>fabricatorem,</span> 
     </span>
    </p>

    <p class='ocr_par' dir='ltr' id='par_1_19' title="bbox 333 2288 1489 2377">
     <span class='ocr_line' id='line_1_20' title="bbox 333 2288 1489 2377; baseline 0.003 -24"><span class='ocrx_word' id='word_1_169' title='bbox 333 2288 393 2354; x_wconf 91' lang='lat' dir='ltr'>hoc</span> <span class='ocrx_word' id='word_1_170' title='bbox 408 2297 466 2368; x_wconf 87' lang='lat' dir='ltr'>est,</span> <span class='ocrx_word' id='word_1_171' title='bbox 482 2290 564 2355; x_wconf 75' lang='lat' dir='ltr'>&#39;&#39;eum</span> <span class='ocrx_word' id='word_1_172' title='bbox 580 2290 632 2377; x_wconf 92' lang='lat' dir='ltr'>qui</span> <span class='ocrx_word' id='word_1_173' title='bbox 648 2299 697 2356; x_wconf 92' lang='lat' dir='ltr'>est</span> <span class='ocrx_word' id='word_1_174' title='bbox 711 2313 783 2356; x_wconf 88' lang='lat' dir='ltr'>vere</span> <span class='ocrx_word' id='word_1_175' title='bbox 799 2290 896 2368; x_wconf 90' lang='lat' dir='ltr'>Dens,</span> <span class='ocrx_word' id='word_1_176' title='bbox 913 2290 964 2376; x_wconf 92' lang='lat' dir='ltr'>qui</span> <span class='ocrx_word' id='word_1_177' title='bbox 980 2297 1012 2354; x_wconf 90' lang='lat' dir='ltr'>et</span> <span class='ocrx_word' id='word_1_178' title='bbox 1027 2297 1156 2375; x_wconf 71' lang='lat' dir='ltr'>praestat</span> <span class='ocrx_word' id='word_1_179' title='bbox 1171 2289 1324 2368; x_wconf 89' lang='lat' dir='ltr'>invenire;</span> <span class='ocrx_word' id='word_1_180' title='bbox 1342 2299 1489 2377; x_wconf 86' lang='lat' dir='ltr'>putantes</span> 
     </span>
    </p>

    <p class='ocr_par' dir='ltr' id='par_1_20' title="bbox 332 2393 1488 2480">
     <span class='ocr_line' id='line_1_21' title="bbox 332 2393 1488 2480; baseline 0 -20"><span class='ocrx_word' id='word_1_181' title='bbox 332 2415 367 2460; x_wconf 81' lang='lat' dir='ltr'>se</span> <span class='ocrx_word' id='word_1_182' title='bbox 381 2417 475 2480; x_wconf 90' lang='lat' dir='ltr'>super</span> <span class='ocrx_word' id='word_1_183' title='bbox 490 2393 594 2460; x_wconf 92' lang='lat' dir='ltr'>Deum</span> <span class='ocrx_word' id='word_1_184' title='bbox 608 2395 741 2460; x_wconf 91' lang='lat' dir='ltr'>alterum</span> <span class='ocrx_word' id='word_1_185' title='bbox 756 2394 909 2460; x_wconf 88' lang='lat' dir='ltr'>invenisse</span> <span class='ocrx_word' id='word_1_186' title='bbox 925 2395 1039 2472; x_wconf 89' lang='lat' dir='ltr'>Deum,</span> <span class='ocrx_word' id='word_1_187' title='bbox 1051 2393 1099 2458; x_wconf 85' lang='lat' dir='ltr'>vel</span> <span class='ocrx_word' id='word_1_188' title='bbox 1113 2393 1243 2458; x_wconf 88' lang='lat' dir='ltr'>alteram</span> <span class='ocrx_word' id='word_1_189' title='bbox 1256 2394 1488 2480; x_wconf 87' lang='lat' dir='ltr'>plenitudinem,</span> 
     </span>
    </p>

    <p class='ocr_par' dir='ltr' id='par_1_21' title="bbox 332 2495 1488 2584">
     <span class='ocr_line' id='line_1_22' title="bbox 332 2495 1488 2584; baseline 0.001 -22"><span class='ocrx_word' id='word_1_190' title='bbox 332 2495 380 2562; x_wconf 87' lang='lat' dir='ltr'>val</span> <span class='ocrx_word' id='word_1_191' title='bbox 394 2497 525 2563; x_wconf 87' lang='lat' dir='ltr'>alteram</span> <span class='ocrx_word' id='word_1_192' title='bbox 539 2497 783 2584; x_wconf 88' lang='lat' dir='ltr'>dispositionem.</span> <span class='ocrx_word' id='word_1_193' title='bbox 828 2497 1023 2583; x_wconf 74' lang='lat' dir='ltr'>Quapropter</span> <span class='ocrx_word' id='word_1_194' title='bbox 1038 2505 1070 2561; x_wconf 91' lang='lat' dir='ltr'>et</span> <span class='ocrx_word' id='word_1_195' title='bbox 1084 2496 1198 2575; x_wconf 89' lang='lat' dir='ltr'>lumen,</span> <span class='ocrx_word' id='word_1_196' title='bbox 1214 2498 1296 2582; x_wconf 92' lang='lat' dir='ltr'>qnod</span> <span class='ocrx_word' id='word_1_197' title='bbox 1311 2507 1359 2563; x_wconf 91' lang='lat' dir='ltr'>est</span> <span class='ocrx_word' id='word_1_198' title='bbox 1373 2520 1393 2562; x_wconf 87' lang='lat' dir='ltr'>a</span> <span class='ocrx_word' id='word_1_199' title='bbox 1409 2499 1488 2578; x_wconf 91' lang='lat' dir='ltr'>Deo,</span> 
     </span>
    </p>

    <p class='ocr_par' dir='ltr' id='par_1_22' title="bbox 332 2599 1487 2685">
     <span class='ocr_line' id='line_1_23' title="bbox 332 2599 1487 2685; baseline 0.002 -21"><span class='ocrx_word' id='word_1_200' title='bbox 332 2621 396 2664; x_wconf 90' lang='lat' dir='ltr'>non</span> <span class='ocrx_word' id='word_1_201' title='bbox 425 2599 525 2666; x_wconf 81' lang='lat' dir='ltr'>⁶lucet</span> <span class='ocrx_word' id='word_1_202' title='bbox 554 2601 610 2679; x_wconf 81' lang='lat' dir='ltr'>eia,</span> <span class='ocrx_word' id='word_1_203' title='bbox 641 2599 787 2684; x_wconf 88' lang='lat' dir='ltr'>quoniam</span> <span class='ocrx_word' id='word_1_204' title='bbox 817 2599 1079 2664; x_wconf 85' lang='lat' dir='ltr'>inhonoraverunt</span> <span class='ocrx_word' id='word_1_205' title='bbox 1103 2607 1136 2664; x_wconf 90' lang='lat' dir='ltr'>et</span> <span class='ocrx_word' id='word_1_206' title='bbox 1159 2611 1341 2685; x_wconf 89' lang='lat' dir='ltr'>spreverunt</span> <span class='ocrx_word' id='word_1_207' title='bbox 1373 2601 1487 2680; x_wconf 91' lang='lat' dir='ltr'>Deum,</span> 
     </span>
    </p>

    <p class='ocr_par' dir='ltr' id='par_1_23' title="bbox 332 2701 1489 2788">
     <span class='ocr_line' id='line_1_24' title="bbox 332 2701 1489 2788; baseline 0.003 -22"><span class='ocrx_word' id='word_1_208' title='bbox 332 2702 510 2768; x_wconf 70' lang='lat' dir='ltr'>&#39;minimum</span> <span class='ocrx_word' id='word_1_209' title='bbox 524 2705 712 2768; x_wconf 88' lang='lat' dir='ltr'>arbitrantes</span> <span class='ocrx_word' id='word_1_210' title='bbox 727 2725 808 2780; x_wconf 87' lang='lat' dir='ltr'>enm,</span> <span class='ocrx_word' id='word_1_211' title='bbox 830 2702 978 2788; x_wconf 89' lang='lat' dir='ltr'>qnoniam</span> <span class='ocrx_word' id='word_1_212' title='bbox 998 2713 1124 2788; x_wconf 88' lang='lat' dir='ltr'>propter</span> <span class='ocrx_word' id='word_1_213' title='bbox 1139 2701 1334 2767; x_wconf 87' lang='lat' dir='ltr'>dilectionem</span> <span class='ocrx_word' id='word_1_214' title='bbox 1352 2726 1440 2769; x_wconf 91' lang='lat' dir='ltr'>suam</span> <span class='ocrx_word' id='word_1_215' title='bbox 1456 2714 1489 2770; x_wconf 90' lang='lat' dir='ltr'>et</span> 
     </span>
    </p>

    <p class='ocr_par' dir='ltr' id='par_1_24' title="bbox 333 2805 1489 2895">
     <span class='ocr_line' id='line_1_25' title="bbox 333 2805 1489 2895; baseline 0.003 -26"><span class='ocrx_word' id='word_1_216' title='bbox 333 2805 516 2872; x_wconf 86' lang='lat' dir='ltr'>immensam</span> <span class='ocrx_word' id='word_1_217' title='bbox 531 2807 756 2894; x_wconf 86' lang='lat' dir='ltr'>benignitatem</span> <span class='ocrx_word' id='word_1_218' title='bbox 780 2806 812 2870; x_wconf 95' lang='lat' dir='ltr'>in</span> <span class='ocrx_word' id='word_1_219' title='bbox 834 2805 1026 2892; x_wconf 84' lang='lat' dir='ltr'>agnitionem</span> <span class='ocrx_word' id='word_1_220' title='bbox 1041 2805 1126 2872; x_wconf 90' lang='lat' dir='ltr'>venit</span> <span class='ocrx_word' id='word_1_221' title='bbox 1146 2805 1341 2871; x_wconf 90' lang='lat' dir='ltr'>hominibus:</span> <span class='ocrx_word' id='word_1_222' title='bbox 1368 2809 1489 2895; x_wconf 67' lang='lat' dir='ltr'>(lagni-</span> 
     </span>
    </p>

    <p class='ocr_par' dir='ltr' id='par_1_25' title="bbox 333 2905 1487 2995">
     <span class='ocr_line' id='line_1_26' title="bbox 333 2905 1487 2995; baseline 0.003 -23"><span class='ocrx_word' id='word_1_223' title='bbox 333 2905 450 2972; x_wconf 91' lang='lat' dir='ltr'>tiouem</span> <span class='ocrx_word' id='word_1_224' title='bbox 471 2915 577 2972; x_wconf 88' lang='lat' dir='ltr'>autem</span> <span class='ocrx_word' id='word_1_225' title='bbox 599 2931 662 2974; x_wconf 91' lang='lat' dir='ltr'>non</span> <span class='ocrx_word' id='word_1_226' title='bbox 682 2908 854 2974; x_wconf 88' lang='lat' dir='ltr'>secundnm</span> <span class='ocrx_word' id='word_1_227' title='bbox 871 2907 1127 2995; x_wconf 86' lang='lat' dir='ltr'>magnitudinem,</span> <span class='ocrx_word' id='word_1_228' title='bbox 1147 2931 1205 2973; x_wconf 89' lang='lat' dir='ltr'>nec</span> <span class='ocrx_word' id='word_1_229' title='bbox 1225 2909 1395 2974; x_wconf 87' lang='lat' dir='ltr'>secundum</span> <span class='ocrx_word' id='word_1_230' title='bbox 1416 2912 1487 2976; x_wconf 88' lang='lat' dir='ltr'>snb·</span> 
     </span>
    </p>

    <p class='ocr_par' dir='ltr' id='par_1_26' title="bbox 333 3009 1487 3096">
     <span class='ocr_line' id='line_1_27' title="bbox 333 3009 1487 3096; baseline 0.005 -25"><span class='ocrx_word' id='word_1_231' title='bbox 333 3009 501 3084; x_wconf 80' lang='lat' dir='ltr'>stantiam3</span> <span class='ocrx_word' id='word_1_232' title='bbox 541 3031 633 3074; x_wconf 88' lang='lat' dir='ltr'>nemo</span> <span class='ocrx_word' id='word_1_233' title='bbox 662 3010 746 3074; x_wconf 91' lang='lat' dir='ltr'>enim</span> <span class='ocrx_word' id='word_1_234' title='bbox 778 3033 905 3075; x_wconf 89' lang='lat' dir='ltr'>mensus</span> <span class='ocrx_word' id='word_1_235' title='bbox 942 3019 990 3075; x_wconf 89' lang='lat' dir='ltr'>est</span> <span class='ocrx_word' id='word_1_236' title='bbox 1027 3031 1107 3090; x_wconf 87' lang='lat' dir='ltr'>eam,</span> <span class='ocrx_word' id='word_1_237' title='bbox 1145 3033 1203 3076; x_wconf 90' lang='lat' dir='ltr'>neo</span> <span class='ocrx_word' id='word_1_238' title='bbox 1239 3011 1393 3096; x_wconf 88' lang='lat' dir='ltr'>palpavit;</span> <span class='ocrx_word' id='word_1_239' title='bbox 1432 3013 1487 3078; x_wconf 88' lang='lat' dir='ltr'>sed</span> 
     </span>
    </p>

    <p class='ocr_par' dir='ltr' id='par_1_27' title="bbox 331 3111 1488 3199">
     <span class='ocr_line' id='line_1_28' title="bbox 331 3111 1488 3199; baseline 0.004 -25"><span class='ocrx_word' id='word_1_240' title='bbox 331 3111 503 3175; x_wconf 91' lang='lat' dir='ltr'>secundnm</span> <span class='ocrx_word' id='word_1_241' title='bbox 518 3111 604 3192; x_wconf 92' lang='lat' dir='ltr'>illud,</span> <span class='ocrx_word' id='word_1_242' title='bbox 619 3123 655 3176; x_wconf 93' lang='lat' dir='ltr'>nt</span> <span class='ocrx_word' id='word_1_243' title='bbox 674 3113 834 3191; x_wconf 89' lang='lat' dir='ltr'>sciremus,</span> <span class='ocrx_word' id='word_1_244' title='bbox 853 3112 999 3198; x_wconf 88' lang='lat' dir='ltr'>qnoniam</span> <span class='ocrx_word' id='word_1_245' title='bbox 1022 3113 1074 3198; x_wconf 86' lang='lat' dir='ltr'>qui</span> <span class='ocrx_word' id='word_1_246' title='bbox 1095 3113 1179 3193; x_wconf 85' lang='lat' dir='ltr'>fecit,</span> <span class='ocrx_word' id='word_1_247' title='bbox 1202 3120 1234 3178; x_wconf 85' lang='lat' dir='ltr'>et</span> <span class='ocrx_word' id='word_1_248' title='bbox 1260 3113 1433 3199; x_wconf 84' lang='lat' dir='ltr'>plasmavit,</span> <span class='ocrx_word' id='word_1_249' title='bbox 1455 3123 1488 3180; x_wconf 90' lang='lat' dir='ltr'>et</span> 
     </span>
    </p>

    <p class='ocr_par' dir='ltr' id='par_1_28' title="bbox 331 3213 1488 3303">
     <span class='ocr_line' id='line_1_29' title="bbox 331 3213 1488 3303; baseline 0.006 -27"><span class='ocrx_word' id='word_1_250' title='bbox 331 3213 572 3279; x_wconf 87' lang='lat' dir='ltr'>insufflationem</span> <span class='ocrx_word' id='word_1_251' title='bbox 590 3216 662 3280; x_wconf 83' lang='lat' dir='ltr'>vitae</span> <span class='ocrx_word' id='word_1_252' title='bbox 684 3217 851 3282; x_wconf 85' lang='lat' dir='ltr'>insufflavit</span> <span class='ocrx_word' id='word_1_253' title='bbox 872 3216 921 3280; x_wconf 74' lang='lat' dir='ltr'>9in</span> <span class='ocrx_word' id='word_1_254' title='bbox 944 3217 999 3298; x_wconf 87' lang='lat' dir='ltr'>eis,</span> <span class='ocrx_word' id='word_1_255' title='bbox 1022 3225 1055 3281; x_wconf 89' lang='lat' dir='ltr'>et</span> <span class='ocrx_word' id='word_1_256' title='bbox 1081 3239 1135 3303; x_wconf 90' lang='lat' dir='ltr'>per</span> <span class='ocrx_word' id='word_1_257' title='bbox 1158 3217 1368 3282; x_wconf 87' lang='lat' dir='ltr'>conditionem</span> <span class='ocrx_word' id='word_1_258' title='bbox 1389 3219 1488 3283; x_wconf 88' lang='lat' dir='ltr'>nutrit</span> 
     </span>
    </p>
   </div>
   <div class='ocr_carea' id='block_1_5' title="bbox 332 3315 1488 3410">
    <p class='ocr_par' dir='ltr' id='par_1_29' title="bbox 332 3315 1488 3410">
     <span class='ocr_line' id='line_1_30' title="bbox 332 3315 1488 3410; baseline 0.007 -30"><span class='ocrx_word' id='word_1_259' title='bbox 332 3337 399 3394; x_wconf 92' lang='lat' dir='ltr'>nos,</span> <span class='ocrx_word' id='word_1_260' title='bbox 422 3315 529 3382; x_wconf 91' lang='lat' dir='ltr'>Verbo</span> <span class='ocrx_word' id='word_1_261' title='bbox 548 3339 605 3382; x_wconf 91' lang='lat' dir='ltr'>suo</span> <span class='ocrx_word' id='word_1_262' title='bbox 627 3319 822 3400; x_wconf 87' lang='lat' dir='ltr'>confinnans,</span> <span class='ocrx_word' id='word_1_263' title='bbox 843 3329 876 3387; x_wconf 92' lang='lat' dir='ltr'>et</span> <span class='ocrx_word' id='word_1_264' title='bbox 899 3321 1059 3409; x_wconf 89' lang='lat' dir='ltr'>Sapientia</span> <span class='ocrx_word' id='word_1_265' title='bbox 1079 3323 1281 3410; x_wconf 87' lang='lat' dir='ltr'>compingens</span> <span class='ocrx_word' id='word_1_266' title='bbox 1303 3324 1416 3401; x_wconf 90' lang='lat' dir='ltr'>omnia,</span> <span class='ocrx_word' id='word_1_267' title='bbox 1436 3323 1488 3388; x_wconf 89' lang='lat' dir='ltr'>hic</span> 
     </span>
    </p>
   </div>
   <div class='ocr_carea' id='block_1_6' title="bbox 327 3468 1488 4682">
    <p class='ocr_par' dir='ltr' id='par_1_30' title="bbox 331 3468 1488 3703">
     <span class='ocr_line' id='line_1_31' title="bbox 381 3468 1463 3538; baseline 0.007 -18"><span class='ocrx_word' id='word_1_268' title='bbox 381 3468 391 3501; x_wconf 86' lang='lat'>¹</span> <span class='ocrx_word' id='word_1_269' title='bbox 409 3470 464 3531; x_wconf 72' lang='lat' dir='ltr'>On,</span> <span class='ocrx_word' id='word_1_270' title='bbox 478 3471 569 3532; x_wconf 68' lang='lat' dir='ltr'>Voss,</span> <span class='ocrx_word' id='word_1_271' title='bbox 583 3472 648 3522; x_wconf 76' lang='lat' dir='ltr'>Fau.</span> <span class='ocrx_word' id='word_1_272' title='bbox 665 3489 743 3537; x_wconf 62' lang='lat' dir='ltr'>mora.</span> <span class='ocrx_word' id='word_1_273' title='bbox 763 3484 865 3525; x_wconf 68' lang='lat' dir='ltr'>eumont</span> <span class='ocrx_word' id='word_1_274' title='bbox 873 3496 884 3534; x_wconf 87' lang='grc'>,·</span> <span class='ocrx_word' id='word_1_275' title='bbox 935 3477 978 3526; x_wconf 89' lang='lat' dir='ltr'>the</span> <span class='ocrx_word' id='word_1_276' title='bbox 990 3477 1044 3538; x_wconf 72' lang='lat' dir='ltr'>Cn,</span> <span class='ocrx_word' id='word_1_277' title='bbox 1057 3478 1137 3526; x_wconf 85' lang='lat' dir='ltr'>which</span> <span class='ocrx_word' id='word_1_278' title='bbox 1152 3478 1282 3527; x_wconf 76' lang='lat' dir='ltr'>Massunr</span> <span class='ocrx_word' id='word_1_279' title='bbox 1292 3479 1349 3528; x_wconf 83' lang='lat' dir='ltr'>iails</span> <span class='ocrx_word' id='word_1_280' title='bbox 1360 3484 1387 3528; x_wconf 92' lang='lat' dir='ltr'>to</span> <span class='ocrx_word' id='word_1_281' title='bbox 1398 3484 1463 3528; x_wconf 88' lang='lat' dir='ltr'>note.</span> 
     </span>
     <span class='ocr_line' id='line_1_32' title="bbox 331 3548 1488 3624; baseline 0.011 -27"><span class='ocrx_word' id='word_1_282' title='bbox 331 3549 378 3597; x_wconf 88' lang='lat' dir='ltr'>but</span> <span class='ocrx_word' id='word_1_283' title='bbox 399 3548 451 3597; x_wconf 85' lang='lat' dir='ltr'>An.</span> <span class='ocrx_word' id='word_1_284' title='bbox 473 3557 625 3610; x_wconf 69' lang='lat' dir='ltr'>emeramni,</span> <span class='ocrx_word' id='word_1_285' title='bbox 646 3551 768 3618; x_wconf 85' lang='lat' dir='ltr'>implying</span> <span class='ocrx_word' id='word_1_286' title='bbox 789 3555 884 3603; x_wconf 87' lang='lat' dir='ltr'>harmo-</span> <span class='ocrx_word' id='word_1_287' title='bbox 984 3558 995 3590; x_wconf 75' lang='lat'><strong>⁶</strong></span> <span class='ocrx_word' id='word_1_288' title='bbox 1012 3557 1054 3609; x_wconf 76' lang='grc' dir='ltr'>τὸν</span> <span class='ocrx_word' id='word_1_289' title='bbox 1072 3561 1146 3610; x_wconf 75' lang='grc' dir='ltr'><strong><em>ὅντως</em></strong></span> <span class='ocrx_word' id='word_1_290' title='bbox 1157 3563 1224 3622; x_wconf 81' lang='grc' dir='ltr'>θεὸν,</span> <span class='ocrx_word' id='word_1_291' title='bbox 1245 3561 1288 3609; x_wconf 74' lang='grc' dir='ltr'>τὸν</span> <span class='ocrx_word' id='word_1_292' title='bbox 1303 3563 1343 3610; x_wconf 81' lang='lat' dir='ltr'>ral</span> <span class='ocrx_word' id='word_1_293' title='bbox 1357 3563 1488 3624; x_wconf 74' lang='grc' dir='ltr'>χαρίζοντα</span> 
     </span>
     <span class='ocr_line' id='line_1_33' title="bbox 331 3631 1017 3703; baseline 0.017 -25"><span class='ocrx_word' id='word_1_294' title='bbox 331 3631 404 3679; x_wconf 89' lang='lat' dir='ltr'>nious</span> <span class='ocrx_word' id='word_1_295' title='bbox 415 3631 505 3680; x_wconf 87' lang='lat' dir='ltr'>action.</span> <span class='ocrx_word' id='word_1_296' title='bbox 936 3640 1017 3703; x_wconf 77' lang='grc' dir='ltr'>εὑρεῖν.</span> 
     </span>
    </p>

    <p class='ocr_par' dir='ltr' id='par_1_31' title="bbox 328 3711 1488 4356">
     <span class='ocr_line' id='line_1_34' title="bbox 381 3711 1185 3783; baseline 0.016 -23"><span class='ocrx_word' id='word_1_297' title='bbox 381 3711 428 3761; x_wconf 77' lang='lat' dir='ltr'>&#39;et</span> <span class='ocrx_word' id='word_1_298' title='bbox 448 3712 492 3762; x_wconf 80' lang='lat' dir='ltr'>obi</span> <span class='ocrx_word' id='word_1_299' title='bbox 510 3713 619 3777; x_wconf 79' lang='lat' dir='ltr'>Spiritus</span> <span class='ocrx_word' id='word_1_300' title='bbox 637 3715 694 3767; x_wconf 80' lang='lat' dir='ltr'>Dei.</span> <span class='ocrx_word' id='word_1_301' title='bbox 731 3718 772 3783; x_wconf 76' lang='lat' dir='ltr'>By</span> <span class='ocrx_word' id='word_1_302' title='bbox 790 3735 806 3768; x_wconf 89' lang='lat' dir='ltr'>a</span> <span class='ocrx_word' id='word_1_303' title='bbox 823 3735 884 3782; x_wconf 85' lang='lat' dir='ltr'>very</span> <span class='ocrx_word' id='word_1_304' title='bbox 913 3721 914 3724; x_wconf 73' lang='grc'>’</span> <span class='ocrx_word' id='word_1_305' title='bbox 983 3722 1111 3772; x_wconf 68' lang='lat' dir='ltr'>lonssur.</span> <span class='ocrx_word' id='word_1_306' title='bbox 1125 3724 1185 3773; x_wconf 80' lang='lat' dir='ltr'>licet.</span> 
     </span>
     <span class='ocr_line' id='line_1_35' title="bbox 330 3797 1488 3869; baseline 0.011 -26"><span class='ocrx_word' id='word_1_307' title='bbox 330 3811 445 3844; x_wconf 89' lang='lat' dir='ltr'>common</span> <span class='ocrx_word' id='word_1_308' title='bbox 463 3813 532 3846; x_wconf 84' lang='lat' dir='ltr'>error</span> <span class='ocrx_word' id='word_1_309' title='bbox 549 3797 610 3847; x_wconf 83' lang='lat' dir='ltr'>with</span> <span class='ocrx_word' id='word_1_310' title='bbox 627 3799 670 3848; x_wconf 89' lang='lat' dir='ltr'>the</span> <span class='ocrx_word' id='word_1_311' title='bbox 689 3801 839 3850; x_wconf 82' lang='lat' dir='ltr'>transcriber</span> <span class='ocrx_word' id='word_1_312' title='bbox 858 3802 887 3850; x_wconf 83' lang='lat' dir='ltr'>of</span> <span class='ocrx_word' id='word_1_313' title='bbox 982 3803 994 3838; x_wconf 84' lang='lat'><strong><em>⁷</em></strong></span> <span class='ocrx_word' id='word_1_314' title='bbox 1011 3804 1041 3852; x_wconf 95' lang='lat' dir='ltr'>Id</span> <span class='ocrx_word' id='word_1_315' title='bbox 1059 3811 1097 3854; x_wconf 86' lang='lat' dir='ltr'>est</span> <span class='ocrx_word' id='word_1_316' title='bbox 1120 3805 1283 3868; x_wconf 73' lang='grc' dir='ltr'>ὑστερήματος</span> <span class='ocrx_word' id='word_1_317' title='bbox 1306 3807 1405 3869; x_wconf 77' lang='grc' dir='ltr'><strong><em>καρπόν,</em></strong></span> <span class='ocrx_word' id='word_1_318' title='bbox 1425 3805 1488 3855; x_wconf 73' lang='lat' dir='ltr'>habia</span> 
     </span>
     <span class='ocr_line' id='line_1_36' title="bbox 330 3877 1486 3954; baseline 0.012 -29"><span class='ocrx_word' id='word_1_319' title='bbox 330 3877 374 3926; x_wconf 86' lang='lat' dir='ltr'>tho</span> <span class='ocrx_word' id='word_1_320' title='bbox 391 3877 490 3928; x_wconf 74' lang='lat' dir='ltr'>Cannar.</span> <span class='ocrx_word' id='word_1_321' title='bbox 509 3879 567 3928; x_wconf 77' lang='lat' dir='ltr'>Mn.</span> <span class='ocrx_word' id='word_1_322' title='bbox 586 3881 656 3929; x_wconf 84' lang='lat' dir='ltr'>thaso</span> <span class='ocrx_word' id='word_1_323' title='bbox 671 3880 729 3930; x_wconf 80' lang='lat' dir='ltr'>four</span> <span class='ocrx_word' id='word_1_324' title='bbox 744 3883 825 3931; x_wconf 83' lang='lat' dir='ltr'>worda</span> <span class='ocrx_word' id='word_1_325' title='bbox 841 3899 884 3931; x_wconf 82' lang='lat' dir='ltr'>are</span> <span class='ocrx_word' id='word_1_326' title='bbox 927 3886 1042 3948; x_wconf 69' lang='lat' dir='ltr'>fraretum</span> <span class='ocrx_word' id='word_1_327' title='bbox 1052 3888 1202 3937; x_wconf 82' lang='lat' dir='ltr'>arbitrantes</span> <span class='ocrx_word' id='word_1_328' title='bbox 1212 3905 1276 3949; x_wconf 88' lang='lat' dir='ltr'>enm,</span> <span class='ocrx_word' id='word_1_329' title='bbox 1286 3893 1316 3938; x_wconf 91' lang='lat' dir='ltr'>ut</span> <span class='ocrx_word' id='word_1_330' title='bbox 1324 3889 1383 3938; x_wconf 90' lang='lat' dir='ltr'>alibi</span> <span class='ocrx_word' id='word_1_331' title='bbox 1394 3889 1486 3954; x_wconf 83' lang='lat' dir='ltr'>passim</span> 
     </span>
     <span class='ocr_line' id='line_1_37' title="bbox 330 3959 1487 4033; baseline 0.008 -26"><span class='ocrx_word' id='word_1_332' title='bbox 330 3959 443 4020; x_wconf 83' lang='lat' dir='ltr'>omitted,</span> <span class='ocrx_word' id='word_1_333' title='bbox 456 3961 495 4010; x_wconf 88' lang='lat' dir='ltr'>his</span> <span class='ocrx_word' id='word_1_334' title='bbox 508 3977 553 4025; x_wconf 84' lang='lat' dir='ltr'>eye</span> <span class='ocrx_word' id='word_1_335' title='bbox 566 3963 661 4027; x_wconf 80' lang='lat' dir='ltr'>having</span> <span class='ocrx_word' id='word_1_336' title='bbox 674 3964 764 4027; x_wconf 84' lang='lat' dir='ltr'>passed</span> <span class='ocrx_word' id='word_1_337' title='bbox 775 3980 807 4013; x_wconf 90' lang='lat' dir='ltr'>on</span> <span class='ocrx_word' id='word_1_338' title='bbox 819 3966 883 4014; x_wconf 81' lang='lat' dir='ltr'>from</span> <span class='ocrx_word' id='word_1_339' title='bbox 932 3965 1001 4015; x_wconf 86' lang='lat' dir='ltr'>dicit.</span> <span class='ocrx_word' id='word_1_340' title='bbox 1021 3967 1107 4018; x_wconf 77' lang='lat' dir='ltr'>Mass,</span> <span class='ocrx_word' id='word_1_341' title='bbox 1137 3968 1272 4018; x_wconf 84' lang='lat' dir='ltr'>Butinall</span> <span class='ocrx_word' id='word_1_342' title='bbox 1283 3969 1433 4033; x_wconf 85' lang='lat' dir='ltr'>probability</span> <span class='ocrx_word' id='word_1_343' title='bbox 1444 3969 1487 4016; x_wconf 86' lang='lat' dir='ltr'>tha</span> 
     </span>
     <span class='ocr_line' id='line_1_38' title="bbox 329 4041 1486 4112; baseline 0.008 -23"><span class='ocrx_word' id='word_1_344' title='bbox 329 4041 372 4090; x_wconf 84' lang='lat' dir='ltr'>the</span> <span class='ocrx_word' id='word_1_345' title='bbox 384 4041 448 4090; x_wconf 83' lang='lat' dir='ltr'>olosa</span> <span class='ocrx_word' id='word_1_346' title='bbox 461 4041 490 4090; x_wconf 80' lang='lat' dir='ltr'>of</span> <span class='ocrx_word' id='word_1_347' title='bbox 503 4058 551 4091; x_wconf 88' lang='lat' dir='ltr'>ona</span> <span class='ocrx_word' id='word_1_348' title='bbox 566 4043 661 4092; x_wconf 85' lang='lat' dir='ltr'>similar</span> <span class='ocrx_word' id='word_1_349' title='bbox 671 4045 837 4094; x_wconf 87' lang='lat' dir='ltr'>oombination</span> <span class='ocrx_word' id='word_1_350' title='bbox 856 4047 886 4096; x_wconf 83' lang='lat' dir='ltr'>of</span> <span class='ocrx_word' id='word_1_351' title='bbox 933 4048 1018 4098; x_wconf 83' lang='lat' dir='ltr'>Greek</span> <span class='ocrx_word' id='word_1_352' title='bbox 1029 4049 1079 4098; x_wconf 86' lang='lat' dir='ltr'>had</span> <span class='ocrx_word' id='word_1_353' title='bbox 1091 4050 1191 4109; x_wconf 73' lang='grc' dir='ltr'>ἡκίστου</span> <span class='ocrx_word' id='word_1_354' title='bbox 1203 4053 1322 4112; x_wconf 52' lang='lat' dir='ltr'>derainer</span> <span class='ocrx_word' id='word_1_355' title='bbox 1336 4052 1414 4110; x_wconf 78' lang='grc' dir='ltr'><strong>αὐτόν,</strong></span> <span class='ocrx_word' id='word_1_356' title='bbox 1428 4049 1486 4098; x_wconf 84' lang='lat' dir='ltr'>read</span> 
     </span>
     <span class='ocr_line' id='line_1_39' title="bbox 329 4121 1321 4192; baseline 0.009 -23"><span class='ocrx_word' id='word_1_357' title='bbox 329 4121 410 4170; x_wconf 85' lang='lat' dir='ltr'>words</span> <span class='ocrx_word' id='word_1_358' title='bbox 427 4127 454 4171; x_wconf 88' lang='lat' dir='ltr'>to</span> <span class='ocrx_word' id='word_1_359' title='bbox 471 4123 504 4172; x_wconf 82' lang='lat' dir='ltr'>its</span> <span class='ocrx_word' id='word_1_360' title='bbox 522 4129 688 4190; x_wconf 82' lang='lat' dir='ltr'>oonutsrpart</span> <span class='ocrx_word' id='word_1_361' title='bbox 724 4126 784 4176; x_wconf 83' lang='lat' dir='ltr'>This</span> <span class='ocrx_word' id='word_1_362' title='bbox 801 4127 822 4175; x_wconf 87' lang='lat' dir='ltr'>is</span> <span class='ocrx_word' id='word_1_363' title='bbox 839 4129 883 4176; x_wconf 89' lang='lat' dir='ltr'>the</span> <span class='ocrx_word' id='word_1_364' title='bbox 932 4127 1321 4192; x_wconf 71' lang='lat' dir='ltr'>bythetranslatorasrinmov.</span> 
     </span>
     <span class='ocr_line' id='line_1_40' title="bbox 328 4203 1485 4273; baseline 0.007 -23"><span class='ocrx_word' id='word_1_365' title='bbox 328 4203 430 4251; x_wconf 83' lang='lat' dir='ltr'>writcr&#39;s</span> <span class='ocrx_word' id='word_1_366' title='bbox 446 4205 555 4254; x_wconf 81' lang='lat' dir='ltr'>waalrest</span> <span class='ocrx_word' id='word_1_367' title='bbox 571 4207 655 4270; x_wconf 84' lang='lat' dir='ltr'>point;</span> <span class='ocrx_word' id='word_1_368' title='bbox 672 4208 698 4256; x_wconf 87' lang='lat' dir='ltr'>in</span> <span class='ocrx_word' id='word_1_369' title='bbox 713 4224 790 4273; x_wconf 86' lang='lat' dir='ltr'>many</span> <span class='ocrx_word' id='word_1_370' title='bbox 800 4209 882 4272; x_wconf 84' lang='lat' dir='ltr'>places</span> <span class='ocrx_word' id='word_1_371' title='bbox 978 4209 1034 4271; x_wconf 82' lang='lat' dir='ltr'>⁸in,</span> <span class='ocrx_word' id='word_1_372' title='bbox 1041 4211 1135 4260; x_wconf 81' lang='lat' dir='ltr'>addidi</span> <span class='ocrx_word' id='word_1_373' title='bbox 1141 4209 1391 4260; x_wconf 60' lang='lat' dir='ltr'>aodmbMeOodAEn.</span> <span class='ocrx_word' id='word_1_374' title='bbox 1398 4209 1485 4258; x_wconf 79' lang='lat' dir='ltr'>Mssa.</span> 
     </span>
     <span class='ocr_line' id='line_1_41' title="bbox 328 4285 1402 4356; baseline 0.007 -23"><span class='ocrx_word' id='word_1_375' title='bbox 328 4285 422 4334; x_wconf 85' lang='lat' dir='ltr'>several</span> <span class='ocrx_word' id='word_1_376' title='bbox 433 4285 495 4334; x_wconf 85' lang='lat' dir='ltr'>linea</span> <span class='ocrx_word' id='word_1_377' title='bbox 507 4288 570 4336; x_wconf 85' lang='lat' dir='ltr'>have</span> <span class='ocrx_word' id='word_1_378' title='bbox 582 4289 749 4354; x_wconf 84' lang='lat' dir='ltr'>disappeared.</span> <span class='ocrx_word' id='word_1_379' title='bbox 931 4293 984 4341; x_wconf 83' lang='lat' dir='ltr'>The</span> <span class='ocrx_word' id='word_1_380' title='bbox 995 4293 1098 4356; x_wconf 79' lang='lat' dir='ltr'>particle</span> <span class='ocrx_word' id='word_1_381' title='bbox 1109 4295 1224 4342; x_wconf 81' lang='lat' dir='ltr'>however</span> <span class='ocrx_word' id='word_1_382' title='bbox 1234 4294 1255 4342; x_wconf 88' lang='lat' dir='ltr'>is</span> <span class='ocrx_word' id='word_1_383' title='bbox 1266 4297 1311 4340; x_wconf 89' lang='lat' dir='ltr'>not</span> <span class='ocrx_word' id='word_1_384' title='bbox 1325 4293 1402 4341; x_wconf 85' lang='lat' dir='ltr'>there.</span> 
     </span>
    </p>

    <p class='ocr_par' dir='ltr' id='par_1_32' title="bbox 377 4365 1483 4439">
     <span class='ocr_line' id='line_1_42' title="bbox 377 4365 1483 4439; baseline 0.008 -25"><span class='ocrx_word' id='word_1_385' title='bbox 377 4365 614 4431; x_wconf 75' lang='lat' dir='ltr'>³Sothacurran.,</span> <span class='ocrx_word' id='word_1_386' title='bbox 628 4371 660 4418; x_wconf 81' lang='lat' dir='ltr'>al</span> <span class='ocrx_word' id='word_1_387' title='bbox 672 4372 787 4422; x_wconf 61' lang='grc' dir='ltr'>ιιιώἰὶαιι,</span> <span class='ocrx_word' id='word_1_388' title='bbox 980 4373 1036 4424; x_wconf 70' lang='grc' dir='ltr'>9ιἰι</span> <span class='ocrx_word' id='word_1_389' title='bbox 1054 4377 1075 4424; x_wconf 88' lang='lat' dir='ltr'>is</span> <span class='ocrx_word' id='word_1_390' title='bbox 1093 4375 1199 4424; x_wconf 86' lang='lat' dir='ltr'>omitted</span> <span class='ocrx_word' id='word_1_391' title='bbox 1215 4377 1249 4439; x_wconf 86' lang='lat' dir='ltr'>by</span> <span class='ocrx_word' id='word_1_392' title='bbox 1267 4374 1379 4434; x_wconf 70' lang='lat' dir='ltr'>Eaasu,</span> <span class='ocrx_word' id='word_1_393' title='bbox 1400 4373 1483 4423; x_wconf 74' lang='lat' dir='ltr'>Genu.</span> 
     </span>
    </p>

    <p class='ocr_par' dir='ltr' id='par_1_33' title="bbox 327 4448 1486 4682">
     <span class='ocr_line' id='line_1_43' title="bbox 376 4448 1486 4516; baseline 0.006 -18"><span class='ocrx_word' id='word_1_394' title='bbox 376 4448 388 4480; x_wconf 88' lang='lat'><strong>⁴</strong></span> <span class='ocrx_word' id='word_1_395' title='bbox 404 4449 499 4498; x_wconf 69' lang='lat' dir='ltr'>(lanan</span> <span class='ocrx_word' id='word_1_396' title='bbox 521 4451 575 4498; x_wconf 81' lang='lat' dir='ltr'>first</span> <span class='ocrx_word' id='word_1_397' title='bbox 595 4451 704 4516; x_wconf 88' lang='lat' dir='ltr'>adopted</span> <span class='ocrx_word' id='word_1_398' title='bbox 721 4470 798 4502; x_wconf 80' lang='lat' dir='ltr'>unam</span> <span class='ocrx_word' id='word_1_399' title='bbox 815 4455 880 4504; x_wconf 83' lang='lat' dir='ltr'>from</span> <span class='ocrx_word' id='word_1_400' title='bbox 930 4457 981 4506; x_wconf 89' lang='lat' dir='ltr'>and</span> <span class='ocrx_word' id='word_1_401' title='bbox 997 4458 1023 4506; x_wconf 90' lang='lat' dir='ltr'>in</span> <span class='ocrx_word' id='word_1_402' title='bbox 1041 4458 1129 4506; x_wconf 78' lang='lat' dir='ltr'>Muno.</span> <span class='ocrx_word' id='word_1_403' title='bbox 1143 4469 1173 4506; x_wconf 90' lang='lat'>11.</span> <span class='ocrx_word' id='word_1_404' title='bbox 1191 4457 1278 4514; x_wconf 67' lang='lat' dir='ltr'><strong>MSS„</strong></span> <span class='ocrx_word' id='word_1_405' title='bbox 1297 4455 1347 4504; x_wconf 87' lang='lat' dir='ltr'>and</span> <span class='ocrx_word' id='word_1_406' title='bbox 1365 4455 1385 4505; x_wconf 91' lang='lat' dir='ltr'>it</span> <span class='ocrx_word' id='word_1_407' title='bbox 1403 4457 1486 4506; x_wconf 85' lang='lat' dir='ltr'>would</span> 
     </span>
     <span class='ocr_line' id='line_1_44' title="bbox 327 4531 1486 4602; baseline 0.007 -22"><span class='ocrx_word' id='word_1_408' title='bbox 327 4533 371 4580; x_wconf 86' lang='lat' dir='ltr'>tha</span> <span class='ocrx_word' id='word_1_409' title='bbox 387 4532 439 4580; x_wconf 81' lang='lat' dir='ltr'>Aa.</span> <span class='ocrx_word' id='word_1_410' title='bbox 453 4531 503 4578; x_wconf 88' lang='lat' dir='ltr'>aud</span> <span class='ocrx_word' id='word_1_411' title='bbox 520 4531 601 4582; x_wconf 85' lang='lat' dir='ltr'>Voss.</span> <span class='ocrx_word' id='word_1_412' title='bbox 616 4534 692 4584; x_wconf 82' lang='lat' dir='ltr'>MSS.</span> <span class='ocrx_word' id='word_1_413' title='bbox 724 4536 882 4600; x_wconf 86' lang='lat' dir='ltr'>Itdisplaces</span> <span class='ocrx_word' id='word_1_414' title='bbox 931 4542 977 4586; x_wconf 88' lang='lat' dir='ltr'>not</span> <span class='ocrx_word' id='word_1_415' title='bbox 999 4539 1030 4586; x_wconf 88' lang='lat' dir='ltr'>ba</span> <span class='ocrx_word' id='word_1_416' title='bbox 1055 4538 1176 4601; x_wconf 86' lang='lat' dir='ltr'>required,</span> <span class='ocrx_word' id='word_1_417' title='bbox 1205 4539 1249 4588; x_wconf 91' lang='lat' dir='ltr'>the</span> <span class='ocrx_word' id='word_1_418' title='bbox 1276 4537 1383 4601; x_wconf 81' lang='lat' dir='ltr'>original</span> <span class='ocrx_word' id='word_1_419' title='bbox 1411 4539 1486 4602; x_wconf 82' lang='lat' dir='ltr'>being</span> 
     </span>
     <span class='ocr_line' id='line_1_45' title="bbox 327 4610 1404 4682; baseline 0.009 -22"><span class='ocrx_word' id='word_1_420' title='bbox 327 4612 414 4661; x_wconf 75' lang='lat' dir='ltr'>vivom.</span> <span class='ocrx_word' id='word_1_421' title='bbox 439 4610 882 4682; x_wconf 81' lang='lat' dir='ltr'>&#39;lhcamendationisconfirmedby</span> <span class='ocrx_word' id='word_1_422' title='bbox 933 4621 1066 4680; x_wconf 78' lang='grc' dir='ltr'><strong><em>ἐνεφύσησε</em></strong></span> <span class='ocrx_word' id='word_1_423' title='bbox 1077 4623 1164 4670; x_wconf 78' lang='grc' dir='ltr'>αὐτοῖς.</span> <span class='ocrx_word' id='word_1_424' title='bbox 1200 4621 1279 4670; x_wconf 86' lang='lat' dir='ltr'>Butf.</span> <span class='ocrx_word' id='word_1_425' title='bbox 1293 4621 1309 4671; x_wconf 96' lang='lat' dir='ltr'>l.</span> <span class='ocrx_word' id='word_1_426' title='bbox 1322 4620 1404 4671; x_wconf 77' lang='lat' dir='ltr'>ineos.</span> 
     </span>
    </p>
   </div>
   <div class='ocr_carea' id='block_1_7' title="bbox 0 0 1672 5070">
    <p class='ocr_par' dir='ltr' id='par_1_34' title="bbox 0 0 1672 5070">
     <span class='ocr_line' id='line_1_46' title="bbox 0 0 1672 5070; baseline 0 3"><span class='ocrx_word' id='word_1_427' title='bbox 0 0 1672 5070; x_wconf 95' lang='lat' dir='ltr'> </span> 
     </span>
    </p>
   </div>
  </div>
 </body>
</html>
