3270 5116
626 434 874 490 FRAGMENTA.

702 821 787 887 Xll.

245 1009 385 1092 ιἩμεῖς
410 1007 463 1081 ούν
481 1009 534 1080 καί
554 1013 696 1092 σώματα
723 1010 925 1082 ἀνίστασθαι
948 1012 1224 1094 πεπιστεύκαμεν.
1271 1011 1320 1084 Εἰ

168 1119 237 1220 γὰρ
266 1121 319 1192 καί
353 1122 538 1222 φθείρεται,
570 1122 646 1193 ἀλλ’
678 1124 732 1193 ούκ
764 1123 969 1194 ἀπόλλυται·
1008 1124 1137 1196 τούτων
1168 1121 1236 1225 γὰρ
1272 1123 1317 1197 τὰ

167 1232 318 1328 λείψανα
339 1243 383 1325 γῆ
400 1233 623 1328 ὑποδεξαμένη
642 1245 743 1335 τηρεῖ,
768 1233 855 1317 δίκην
877 1236 1010 1335 σπόρον
1032 1237 1243 1318 πιαινομένον
1264 1239 1318 1308 καί

167 1349 218 1435 τῷ
254 1354 313 1437 γῆς
346 1349 566 1447 λιπαρωτίρῳ
600 1349 879 1431 συμπλεκομένου.
926 1345 1030 1425 Αύθις
1060 1344 1175 1448 ὥσπερ
1203 1351 1318 1428 κόκκος

168 1457 288 1550 γυμνὸς
314 1460 498 1560 σπείρεται,
524 1460 578 1530 καί
595 1461 795 1544 κελεύσματι
818 1466 881 1532 τοῦ
909 1457 1213 1560 δημιουργήσαντος
1231 1463 1320 1534 θεοῦ

168 1570 311 1656 θάλλων,
339 1573 561 1670 ἠμφιεσμένος
589 1573 641 1642 καί
668 1569 800 1666 ἔνδοξος
828 1573 1003 1672 ἐγείρεται,
1033 1571 1072 1643 ού
1096 1571 1265 1674 τρύτερον
1289 1578 1318 1647 εί

165 1683 211 1766 μῆ
228 1683 402 1756 ἆτοθανύνν
419 1688 511 1769 λνθῆ,
529 1684 584 1755 καί
607 1691 652 1778 γῇ
671 1687 830 1778 σνμμιγῇ·
858 1679 948 1757 ὥστε
966 1685 1026 1770 την
1045 1683 1231 1760 ἆνείστασιν
1256 1694 1319 1761 τοῦ

167 1798 322 1879 σώματος
348 1798 385 1868 ού
407 1799 517 1881 μύτην
541 1797 816 1881 πεπιστεύκαμεν·
845 1797 950 1869 Ἀλλ’
975 1800 1004 1868 εί
1028 1797 1082 1870 καί
1099 1800 1212 1872 λύεται
1232 1803 1316 1900 πρύς

165 1907 286 2007 καιρὸν,
308 1906 360 1980 διὰ
382 1909 443 1993 τιὶν
465 1911 525 1980 ύιτἸ
542 1909 645 2008 ἆρχῆς
671 1910 846 2000 γενομένην
872 1911 1050 2009 ταρακοῆν,
1077 1915 1116 1990 ὡς
1140 1915 1183 1989 είς
1200 1944 1316 2010 χωνευ-

165 2023 280 2122 τύριον
311 2029 369 2105 τῆς
401 2029 460 2115 γῆς
491 2023 707 2106 καθίσταται,
743 2023 848 2092 πάλιν
884 2023 1236 2109 ἆνατλασθησόμενον,
1279 2025 1316 2096 ού

122 2181 125 2186 -
165 2140 322 2206 τοιοῦτον
351 2135 577 2234 φθειρόμενον,
612 2131 704 2204 ἆλλᾶ
740 2132 895 2232 καθαρὸν,
934 2133 988 2204 καί
1024 2135 1138 2220 μηκίτι
1177 2139 1316 2235 φθειρύ·

164 2277 270 2329 μενον·
315 2251 355 2322 ὡς
401 2245 533 2336 ἑκείστφ
575 2243 708 2329 σιύματι
746 2249 764 2328 ἦ
802 2244 869 2317 idio
911 2245 1011 2342 lvxi
1053 2245 1314 2332 εἰτοθοθύσεται,

164 2359 218 2428 καί
254 2365 360 2430 τούτο
395 2355 589 2442 ἕνθνσαμὲνη
632 2358 687 2428 ούκ
729 2357 953 2441 ιἰνιαθῆσεται,
991 2356 1083 2429 ἀλλὰ
1118 2359 1314 2458 χαρήσεται,

164 2468 293 2568 καθαρὰ
325 2470 568 2567 παραμείνασα,
600 2470 749 2569 ανιιμφίιρ
778 2469 888 2561 δικαίῳ
918 2468 1153 2554 σννοθεύσασα,
1184 2472 1236 2542 καί
1270 2474 1314 2556 μη

229 2743 314 2810 XII.
355 2743 422 2809 Nos
436 2743 533 2831 igitur
546 2753 579 2810 et
593 2767 723 2832 corpore
734 2767 895 2833 resurgere
909 2745 1108 2812 credidimus.
1146 2744 1218 2809 Etsi
1233 2745 1318 2810 enim

163 2854 409 2934 corrumpuntur,
421 2854 528 2911 utnon
539 2855 684 2933 pereunt:
700 2855 784 2913 terre
794 2848 877 2912 enim
890 2870 998 2914 eorum
1009 2854 1157 2932 exceptos
1171 2846 1317 2932 reliquias

162 2957 275 3028 cerret,
291 2949 390 3014 iuster
404 2948 499 3034 opimi
514 2949 642 3015 seminis
656 2972 728 3016 cum
742 2951 892 3036 opimiore
906 2959 990 3016 terre
1004 2949 1170 3016 commisti.
1196 2949 1317 3015 Rursus

163 3050 208 3116 uti
233 3051 349 3120 nudum
367 3072 499 3137 granmn
513 3051 637 3130 seritur,
656 3059 689 3118 et
704 3051 775 3132 Dei,
799 3053 852 3139 qui
874 3053 999 3131 creavit,
1019 3051 1110 3138 jussu
1127 3051 1315 3142 germinans,

162 3153 308 3218 vestitum
323 3173 361 3216 ec
376 3151 571 3236 splendidum
587 3153 736 3240 resurgit:
759 3154 815 3219 sed
835 3153 920 3219 heud
940 3154 1025 3241 prius
1045 3175 1138 3240 quem
1158 3161 1316 3220 mortuum

161 3255 330 3320 resolutum
352 3253 405 3331 sit,
420 3275 458 3318 ne
480 3261 571 3318 terrae
593 3255 814 3332 commistum
839 3257 885 3322 ite
899 3257 1157 3322 resurrectionem
1178 3255 1316 3344 eorporis

162 3380 224 3423 non
244 3367 361 3424 temere
378 3357 586 3432 credidimus3
611 3379 716 3423 verum
732 3359 792 3423 etsi
807 3359 970 3424 resolvitur
984 3358 1024 3422 ed
1039 3367 1174 3444 tempus,
1189 3366 1317 3444 propter

161 3461 246 3524 illem
260 3482 329 3547 quse
344 3481 364 3525 a
378 3458 529 3545 principio
543 3458 602 3523 luit
617 3459 869 3536 inobedientiam,
882 3461 916 3524 in
929 3467 1022 3525 terrae
1036 3459 1120 3525 velut
1134 3459 1315 3525 conflatorio

162 3563 371 3640 constituitur,
387 3562 489 3626 denuo
500 3561 748 3638 reformandum
770 3585 832 3628 non
845 3563 904 3629 hoc
915 3563 1115 3650 corruptibile
1125 3563 1181 3628 sed
1192 3584 1314 3652 purum,

161 3683 219 3728 nee
233 3663 366 3748 emplius
380 3663 597 3748 corruptibile:
622 3663 704 3728 sicut
718 3685 777 3729 sue
788 3665 956 3750 unicuique
971 3663 1092 3750 corpori
1106 3664 1211 3728 enims
1225 3663 1314 3728 resti-

162 3774 276 3842 tuetur,
292 3774 324 3832 et
335 3766 387 3832 illo
399 3767 509 3831 indute
519 3766 645 3832 minime
656 3767 784 3854 lugebit,
795 3768 850 3832 sed
862 3767 1021 3833 laetebitur
1030 3789 1109 3854 pure
1119 3787 1313 3854 permanens,

161 3888 309 3954 sponsum
327 3871 448 3956 justum
463 3877 497 3934 et
517 3890 581 3934 non
596 3869 758 3935 inimicum
776 3870 941 3948 comitans,
971 3870 1005 3934 in
1027 3869 1173 3934 omnibus
1196 3869 1315 3934 hebens

161 4126 267 4192 Scripsit
293 4126 360 4176 enim
382 4127 510 4176 Imaus
531 4127 642 4177 libellum
662 4129 711 4178 δια·
811 4124 979 4190 ’Abeering
995 4127 1017 4176 is
1031 4125 1176 4176 observeble
1188 4139 1255 4188 upon
1270 4125 1314 4174 tbe

158 4210 247 4268 λέξεων
255 4207 381 4270 διαφόρων,
392 4207 463 4271 cujus
472 4208 604 4258 meminere
612 4207 710 4256 Eum.
762 4207 925 4257 Valentinlen
940 4208 1035 4267 notion,
1049 4207 1106 4256 thet
1117 4207 1160 4256 the
1174 4205 1229 4255 seul
1240 4207 1266 4255 ln
1281 4207 1314 4256 ite

159 4289 194 4337 Η.
207 4288 236 4338 B.
250 4304 274 4340 v.
289 4285 328 4347 τό,
342 4293 368 4337 et
386 4287 505 4338 Hauon.
523 4287 552 4336 te
572 4287 661 4348 earu„
681 4303 711 4337 ex
762 4289 847 4338 future
868 4288 996 4348 condition
1012 4288 1033 4336 ir
1049 4286 1162 4337 destined
1182 4291 1209 4336 to
1226 4286 1257 4336 be
1270 4289 1314 4338 the

158 4385 209 4434 qno
235 4369 332 4419 desumi
352 4373 490 4432 potuerunt
510 4384 567 4432 qun
587 4368 629 4418 hic
650 4368 710 4418 rete·
762 4370 832 4420 bride
848 4371 877 4420 of
896 4386 965 4419 nome
985 4369 1082 4434 engelic
1103 4385 1193 4434 power.
1244 4367 1314 4419 Here

158 4455 265 4512 ταμίαις
282 4449 501 4500 noncerteeLib.
514 4448 709 4510 mDmtonte,
762 4451 840 4500 union
862 4451 924 4500 with
945 4450 979 4498 its
1001 4465 1052 4498 οντα
1074 4449 1173 4519 bodgis
1194 4451 1311 4510 asserted,

157 4533 183 4582 iu
196 4547 308 4595 quonon
319 4535 428 4581 exstem.
464 4531 552 4580 Mese.
762 4531 844 4580 which
861 4531 948 4594 beresy
963 4529 1058 4579 denied.
1093 4530 1139 4579 See
1157 4529 1200 4578 the
1214 4533 1273 4578 note
1286 4535 1312 4578 to

207 4611 275 4664 XII.
304 4611 314 4645 ¹
331 4612 466 4662 thuorx.
475 4611 521 4660 Vu.
535 4611 601 4662 Im.
614 4627 639 4676 p.
653 4611 708 4674 486.
763 4611 806 4661 Fr.
819 4612 853 4662 ix.
