3260 5082
266 395 334 460 384
671 408 824 462 romeu
850 406 1011 460 ruuosu

102 585 157 626 ns.
166 585 194 626 v
209 593 255 625 ιι.
241 583 342 628 eum
356 563 511 629 oontrerio
531 563 670 651 rolligeri
689 563 799 629 iisdem
813 562 953 641 vineolis,
972 562 1085 649 quibus
1102 560 1241 648 alligavit
1254 559 1424 638 hominem,

110 677 220 763 ⁰52&
214 676 249 763 vt
270 675 306 730 ut
320 665 414 731 homo
428 665 550 732 solutus
563 673 736 731 revertetur
749 667 790 730 nd
804 687 896 730 suum
911 665 1094 742 Dominum,
1114 663 1184 729 liiio
1197 663 1320 729 vinculo
1334 662 1426 727 relin-

145 770 219 808 *Μ
273 790 381 854 quens,
391 791 446 854 per
461 771 546 854 lquse
561 769 628 854 ipse
639 769 740 834 fueret
748 768 904 855 alligatus
917 767 949 832 rd
959 776 1009 832 est
1017 767 1307 852 transgressionem
1337 764 1426 828 Illius

106 875 248 962 {ffugi-532
273 870 356 936 euim
371 871 536 958 colligatio,
553 871 683 937 ²solutio
697 872 781 935 iaetu
795 879 844 935 est
857 869 1002 948 hominis,
1021 869 1168 954 quonism
1182 889 1244 932 non
1256 876 1353 953 potest
1366 866 1425 930 oii-

106 969 137 1013 ⁹⁷·
273 974 341 1060 quis
360 975 490 1038 introire
509 975 543 1038 io
565 973 685 1038 &mum
696 974 803 1058 sortis,
823 983 851 1038 et
868 995 942 1037 oneo
963 973 1026 1056 ey'ue
1044 972 1192 1056 diripera,
1210 971 1272 1034 nisi
1285 970 1426 1055 pomum

271 1075 373 1161 eperum
388 1075 507 1159 sortem
530 1075 717 1160 oilipooerit.
759 1073 922 1140 Contraria
944 1095 1019 1160 ergo
1044 1072 1078 1136 in
1102 1093 1244 1136 sermone
1267 1072 1344 1156 ejus,
1372 1067 1425 1156 qui

272 1177 378 1242 omnis
392 1177 467 1242 iecit
486 1177 558 1256 Dei,
579 1177 746 1242 traducens
760 1198 832 1242 eum
853 1175 1017 1253 Dominus,
1037 1181 1070 1240 et
1089 1174 1255 1260 subjiciens
1273 1195 1328 1259 per
1347 1193 1425 1257 prae·

274 1289 410 1366 septum,
430 1288 619 1366 preceptum
634 1287 740 1346 sutem
755 1279 827 1357 Dei,
841 1279 912 1353 lex;
937 1278 1102 1364 fugitivum
1119 1299 1191 1342 eum
1210 1276 1336 1341 8Ηοιηο
1357 1276 1425 1361 ejus

273 1388 307 1446 et
321 1382 400 1469 legis
419 1391 689 1470 transgressorem,
708 1390 741 1447 et
761 1389 937 1466 apostatem
956 1379 1017 1444 Dei
1034 1379 1211 1456 ostendens,
1231 1387 1340 1465 postes
1357 1379 1424 1464 jem

274 1483 435 1550 ³Verbum
449 1473 628 1550 constanter
642 1503 713 1550 eum
728 1483 893 1570 colligerit,
909 1483 997 1570 qussi
1012 1505 1103 1548 suum
1118 1483 1292 1569 fugitivum,
1307 1491 1340 1546 et
1354 1481 1425 1545 diri-

273 1587 342 1673 puit
356 1588 425 1673 ejus
443 1609 527 1666 voss,
543 1588 575 1651 id
589 1596 648 1665 est,
663 1609 718 1652 eos
735 1587 788 1672 qui
803 1588 844 1651 sb
859 1608 896 1652 eo
914 1586 1132 1650 detinebantur
1146 1585 1297 1662 homines,
1313 1585 1426 1670 quibus

273 1688 340 1774 ipse
354 1689 469 1776 injuste
488 1691 644 1754 utebatur.
681 1689 727 1754 Et
744 1689 885 1774 captivus
899 1689 1024 1775 quidem
1042 1690 1153 1754 duetus
1167 1696 1216 1752 est
1227 1689 1312 1773 juste
1332 1685 1426 1772 isqui

273 1791 430 1858 hominem
445 1794 559 1878 injuste
574 1792 730 1879 captivum
744 1792 895 1867 duxerst;
920 1793 973 1878 qui
987 1801 1094 1857 sutem
1110 1800 1184 1856 ante
1198 1789 1338 1876 captivus
1352 1790 1425 1855 duo·

273 1903 327 1960 tus
345 1895 446 1960 fueret
460 1895 564 1972 homo,
585 1903 745 1960 extrsetus
759 1903 842 1959 ests
861 1896 1049 1980 possessoris
1068 1903 1234 1980 potestate,
1254 1893 1425 1957 seeundum

272 1997 515 2063 misericordiam
528 1998 588 2062 Dei
605 1997 725 2064 Petris:
741 1998 795 2084 qui
810 1999 974 2062 miseratus
987 2007 1036 2064 est
1052 1999 1195 2084 piosmsti
1210 2019 1277 2074 suo,
1293 2004 1325 2061 et
1337 1996 1426 2062 dedit

272 2100 408 2166 salntem
429 2101 468 2180 ei,
491 2123 547 2187 per
568 2101 719 2180 Verbum,
746 2102 778 2166 id
800 2109 849 2166 est
870 2123 925 2187 per
949 2102 1108 2168 Christum
1134 2102 1366 2186 redintegrans:
1389 2108 1426 2165 ut

275 2203 485 2288 experimento
499 2203 600 2268 discet
612 2203 716 2282 homo,
732 2203 877 2290 quonism
889 2227 951 2270 non
966 2227 986 2270 o
999 2205 1177 2291 semetipso,
1189 2203 1245 2286 sed
1259 2201 1426 2269 donatione

272 2303 338 2370 Dei
352 2304 466 2391 seoipit
480 2305 730 2392 incorruptelam.

727 2543 830 2610 oAP.
854 2543 980 2610 XXII.

275 2679 458 2755 Dominio
479 2707 594 2772 uerno,
623 2695 655 2756 et
681 2679 785 2755 Deos
812 2706 906 2755 onus
928 2707 954 2754 α
976 2679 1051 2777 lopo
1076 2677 1297 2764 declarator,
1329 2691 1360 2752 et
1385 2677 1426 2752 in

350 2797 553 2894 Eoonpeiio
572 2823 647 2896 per
671 2795 857 2871 Christum
883 2797 958 2893 ejus
982 2794 1125 2869 Filium
1149 2793 1423 2892 manifestator.-

323 2939 325 2944 ·
347 2939 456 3010 quem
471 2915 585 2988 solum
598 2913 771 3004 odorare,
787 2925 818 2986 et
836 2911 883 2986 ob
900 2911 961 2985 iiio
975 2909 1101 2985 omnio
1114 2909 1207 2983 bono
1220 2921 1426 3008 aspectare

350 3041 497 3126 oportet,
517 3053 589 3102 noo
605 3055 631 3102 α
647 3027 805 3103 Satauci.

272 3179 307 3240 l.
344 3174 419 3238 *διο
441 3175 536 3261 igitur
557 3177 721 3241 manifeste
741 3175 923 3241 ostendente
937 3174 1084 3252 Domino,
1104 3173 1250 3259 quoniam
1272 3171 1428 3240 Dominus

274 3297 365 3344 verus
384 3286 417 3343 et
431 3300 512 3343 unus
526 3279 623 3358 Deus,
644 3279 735 3366 quis
755 3280 824 3366 lege
841 3279 1014 3344 deolsrstus
1033 3279 1145 3354 fueret,
1166 3298 1258 3362 quem
1277 3276 1360 3340 enim
1375 3275 1427 3341 lex

274 3390 503 3467 praeconeveret
515 3381 628 3461 Deum,
640 3382 724 3447 huno
735 3381 899 3448 ⁵Ohristus
909 3381 1045 3445 ostendit
1057 3380 1196 3456 Patrem,
1208 3379 1257 3444 eui
1269 3387 1301 3444 et
1313 3379 1427 3444 servire

275 3482 333 3546 soli
348 3490 469 3566 oportet
484 3482 650 3568 discipulos
665 3484 791 3562 Christi,
807 3491 840 3548 et
857 3504 912 3569 per
925 3504 979 3548 ess
1000 3490 1158 3568 quaesunt
1173 3481 1206 3544 in
1220 3480 1288 3566 lege
1302 3489 1426 3545 senten·

276 3586 337 3651 tiss
350 3585 559 3650 adversarium
578 3595 720 3651 nostrum
734 3590 930 3663 “evacuante
945 3585 996 3649 lex
1015 3595 1121 3648 sutem
1137 3583 1343 3669 Demiurgum
1361 3583 1426 3646 isu-

276 3689 350 3753 dore
362 3689 476 3767 Deum,
491 3697 524 3752 et
539 3688 598 3774 ipsi
613 3689 671 3754 soli
686 3689 800 3754 servire
811 3691 901 3776 jubet
916 3688 1023 3753 nobis:
1044 3690 1111 3774 jem
1129 3709 1192 3752 non
1207 3695 1330 3772 oportet
1344 3707 1427 3772 quse·

275 3812 343 3856 rere
361 3789 457 3854 olium
477 3798 608 3875 patrem,
629 3799 742 3876 prester
760 3791 853 3871 huno,
869 3799 924 3856 eut
945 3813 1038 3876 super
1056 3791 1158 3855 huno:
1182 3789 1329 3876 quonism
1350 3811 1428 3855 onos

325 3943 335 3976 ¹
356 3945 403 3993 An.
416 3943 559 4008 illu...quoe‚
568 3945 616 3993 but
627 3944 823 4007 Onusn.,Vnr.‚
875 3945 1015 4010 effeetusily
1029 3961 1095 3994 mors
1108 3946 1151 3994 the
1164 3945 1294 3994 antithesis
1309 3945 1343 4009 by
1356 3945 1427 3993 omit·

274 4025 355 4074 Voss.
367 4025 445 4075 uit...
454 4040 530 4087 poem
876 4029 932 4090 ting
942 4027 1022 4076 Homo
1030 4026 1086 4090 o'or,
1100 4027 1151 4075 end
1161 4027 1283 4091 inserting
1290 4027 1429 4090 perbefore

322 4104 334 4138 ¹
349 4106 433 4154 solutio
449 4105 552 4155 omitted
568 4107 593 4154 in
611 4106 654 4155 the
669 4105 721 4156 ΑΒ.
742 4123 770 4156 es
787 4109 824 4156 in-
882 4107 989 4158 Verbum.

273 4185 377 4249 voiving
386 4187 430 4234 the
440 4187 573 4250 preoeding
584 4187 751 4236 termination.
924 4186 935 4219 ⁴
952 4187 1060 4250 Cusum,
1073 4187 1154 4238 Voss.
1167 4189 1197 4240 ei.

322 4265 429 4316 ⁸Idooro
440 4267 496 4330 qius,
515 4285 542 4318 es
557 4269 583 4317 in
597 4269 640 4316 the
651 4269 706 4318 first
717 4274 767 4318 two
778 4270 824 4319 eie·
924 4268 1069 4319 “suffuso
1109 4270 1231 4320 Restored
1247 4271 1282 4336 by
1297 4269 1428 4320 Messon

273 4352 356 4396 ments
367 4349 396 4396 oi
404 4348 446 4396 the
457 4351 614 4414 temptetion,
624 4366 649 4414 p.
661 4351 716 4413 38²·
736 4351 821 4400 Msss.
875 4351 940 4400 from
956 4351 999 4400 the
1016 4350 1116 4400 Onnum.
1134 4367 1206 4416 oopy.
1241 4353 1294 4400 The
1308 4353 1359 4401 As.
1378 4353 1428 4402 end

273 4427 368 4492 rightly
379 4428 493 4478 oiserves
504 4432 561 4479 thet
577 4430 679 4482 Verium
690 4433 711 4480 ir
722 4433 765 4481 the
775 4448 826 4481 eor-
876 4431 965 4480 Murro.
980 4443 1010 4481 11.
1028 4433 1092 4481 heve
1108 4431 1224 4494 Spiritus,
1243 4431 1292 4493 sie,
1307 4431 1346 4480 for
1364 4431 1427 4494 Xpr.

274 4508 377 4557 relative
393 4513 464 4569 term,
484 4509 605 4575 referring
626 4516 653 4560 to
669 4513 712 4561 the
729 4513 779 4562 son
800 4513 829 4561 of
876 4511 940 4576 Sps,
951 4513 1016 4563 Vns.
1024 4513 1075 4562 ond
1081 4513 1161 4562 Voss.
1170 4514 1234 4563 heve
1244 4513 1342 4562 neither
1349 4513 1426 4562 word.

275 4589 350 4638 God's
359 4590 455 4653 victory
462 4605 521 4640 over
528 4591 614 4642 Setun.
638 4593 691 4644 The
701 4595 751 4644 Au.
762 4611 824 4659 copy
925 4595 936 4628 ⁸
951 4597 1003 4646 Au.
1015 4601 1152 4646 maenam.
