3276 5086
574 420 869 474 consuetarum
1230 405 1297 475 275

21 600 117 640 oeae.
143 579 234 638 extra
250 572 397 640 Pleroma
414 573 570 640 exsistens
590 581 701 653 mater,
721 574 842 661 peperit
860 573 921 640 hoo
943 573 1046 660 ipsum
1064 593 1189 649 semem
1215 574 1298 660 qnod
1333 590 1436 634 manv.

143 681 251 740 autem
279 684 371 741 extra
395 676 542 742 Pleroma
562 685 622 756 eet,
648 683 740 742 extra
761 676 955 764 agnitionem
980 697 1049 741 esse
1075 677 1194 754 dicunt,
1215 676 1298 762 quod
1338 642 1432 773 <iggi-

131 786 193 873 ¹est
213 779 399 866 ignorantia.
436 781 600 862 Quomodo
621 780 718 868 igitur
738 779 780 860 id,
804 781 887 868 quod
908 789 976 846 erat
998 780 1173 864 ignorantia
1192 801 1299 846 seman
1322 777 1450 867 {QV-

144 890 338 968 oonoeptum,
353 882 545 969 agnitionem
562 884 747 949 annuntiare
764 885 907 970 poterati
947 885 1016 948 Aut
1036 882 1298 970 quemadmodum
1310 899 1461 910 ···-··

144 984 213 1070 ipsa
235 995 346 1066 mater,
370 1007 408 1051 ea
427 1009 497 1072 quae
522 995 612 1052 erant
636 989 834 1067 Plemmatis‚
860 987 1070 1075 cognoscebat
1092 994 1297 1065 sacramenta,

145 1087 285 1153 informis
299 1097 332 1154 et
343 1089 519 1177 infigurata,
535 1091 623 1176 quasi
639 1092 813 1156 abortivum
827 1092 968 1178 projecta
980 1091 1073 1168 foras,
1086 1097 1120 1154 et
1132 1089 1176 1153 ibi
1191 1097 1300 1174 aptata

145 1197 178 1256 et
200 1191 342 1270 formata,
366 1201 400 1258 et
421 1193 462 1258 ab
488 1193 578 1258 Horo
596 1193 754 1280 pmhibita
774 1193 905 1259 interius
930 1193 1060 1280 ingredi,
1083 1199 1117 1258 et
1138 1213 1237 1278 usque
1257 1191 1299 1256 ad

144 1294 442 1360 consummationem
464 1303 555 1361 extra
575 1296 721 1362 Plomma
741 1317 950 1382 perseverans,
972 1295 1005 1360 id
1026 1303 1085 1374 est,
1105 1301 1195 1362 extra
1212 1293 1299 1382 agni-

144 1395 284 1462 tionem!
318 1397 438 1462 Rursus
459 1405 565 1464 autem
587 1399 764 1484 passionem
785 1400 914 1464 Domini
938 1407 1047 1485 typum
1069 1419 1138 1464 ease
1160 1397 1299 1463 dieentes

27 1532 63 1571 Μ,
77 1531 128 1576 m.
145 1498 336 1564 extensionis
361 1499 477 1566 Christi
509 1501 685 1587 superioria,
713 1507 823 1588 ¹quam
852 1509 1002 1568 extensus
1033 1499 1124 1566 Horo
1153 1497 1299 1565 formavit

145 1621 255 1666 eomm
279 1607 421 1684 matrem,
444 1604 476 1668 in
495 1603 621 1692 reliquis
639 1613 822 1693 arguuntur,
838 1607 906 1692 jam
929 1625 992 1670 non
1015 1604 1167 1671 habentes
1189 1602 1298 1668 simili·

146 1704 286 1770 tudinem
301 1707 385 1794 ²typi
401 1708 581 1773 ostendere:
613 1709 666 1774 ubi
682 1709 766 1774 enim
779 1731 903 1774 sursum
919 1707 1063 1774 Christus
1076 1715 1167 1772 aeeto
1181 1713 1213 1771 et
1227 1706 1298 1772 felle

145 1817 273 1894 potatus
287 1812 356 1876 esti
377 1819 432 1876 aut
446 1811 499 1876 ubi
514 1811 613 1877 divisa
627 1821 702 1878 sunt
715 1813 902 1878 vestimenta
916 1813 1005 1900 ejust
1025 1819 1082 1878 aut
1095 1810 1148 1876 ubi
1163 1821 1298 1897 punctus

144 1921 203 1991 est,
219 1920 252 1979 et
268 1914 365 1980 exivit
383 1915 512 2004 sanguis
532 1923 565 1982 et
583 1920 685 2002 aquai
706 1925 762 1984 aut
782 1917 835 1983 ubi
853 1924 962 2004 guttas
980 1915 1142 2004 sanguinis
1156 1915 1297 1981 sudaviti

144 2024 177 2080 et
205 2015 322 2104 reliqua
351 2040 543 2104 quacunque
572 2019 709 2086 Domino
731 2020 921 2097 aeciderunt,
951 2019 991 2084 de
1019 2020 1132 2107 quibus
1153 2017 1298 2084 dixerunt

143 2120 312 2205 prophetae.
345 2119 441 2186 Unde
456 2144 531 2209 ergo
546 2123 585 2188 da
599 2123 639 2186 iis
654 2145 723 2208 quae
738 2129 814 2188 tuno
829 2122 955 2206 quidem
968 2121 1107 2185 nondum
1121 2129 1297 2200 evenerant,

143 2222 351 2310 ³ineipiehant
364 2232 472 2289 autem
486 2225 617 2304 evenire,
636 2233 692 2290 aut
711 2233 822 2302 mater,
840 2233 896 2290 aut
910 2246 1017 2289 semen
1031 2225 1101 2310 ejus
1115 2223 1284 2290 divinavit?

205 2329 237 2392 4.
261 2325 1298 2414 Adhucetiamsuperhaeedieuntquidema⁴prinoipalitatequae·

144 2429 217 2494 dam
231 2429 324 2508 diota,
345 2429 497 2494 confutati
514 2431 555 2494 ab
575 2429 623 2508 iis,
644 2451 714 2516 quae
730 2429 763 2493 in
780 2429 950 2514 Scripturis
969 2429 1008 2494 de
1027 2428 1144 2494 Ohristi
1163 2429 1298 2493 adventu

143 2532 327 2598 reseruntur.
366 2532 444 2612 Quae
467 2540 573 2598 antem
594 2533 659 2598 sint
681 2533 759 2612 haee,
783 2556 847 2598 non
864 2535 932 2619 jam
951 2555 1048 2598 unum
1071 2532 1219 2612 sentiunt,
1241 2535 1298 2600 sed

143 2633 197 2697 alii
211 2631 272 2698 alia
287 2633 326 2698 de
337 2633 388 2698 his
402 2633 477 2720 ipsis
488 2636 685 2719 respondent.
715 2633 821 2723 Siquis
832 2635 915 2701 anim
930 2635 1176 2724 experimentum
1191 2657 1298 2702 eorum

143 2736 250 2801 volens
266 2736 415 2822 accipere,
431 2737 600 2824 separatim
617 2735 788 2826 interroget
805 2739 862 2805 ⁶de
879 2739 983 2826 aliquo
1004 2760 1146 2804 sannone
1163 2759 1226 2817 eos,
1244 2739 1297 2825 qui

143 2841 329 2908 excellentes
342 2843 405 2907 sint
418 2843 503 2928 apud
516 2864 579 2922 eos,
596 2842 731 2908 inveniet
745 2843 841 2908 alium
855 2843 981 2929 quidem
994 2843 1149 2909 dicentem
1163 2843 1203 2908 de
1219 2843 1297 2908 Pro-

143 2952 262 3031 patore‚
278 2945 310 3010 id
327 2953 386 3024 est,
406 2945 445 3010 de
460 2945 566 3032 Bytho
579 2967 649 3012 esse
663 2946 695 3010 id
710 2947 794 3034 quod
812 2947 1038 3034 interrogatum
1062 2946 1157 3012 alium
1171 2969 1243 3013 vero
1257 2947 1297 3012 de

143 3047 259 3114 ⁰Initio
272 3049 421 3128 omnium,
436 3049 542 3126 idest,
560 3049 600 3114 de
615 3048 811 3136 Unigenito3
830 3049 962 3116 alterum
981 3071 1054 3116 varo
1068 3049 1108 3114 de
1124 3049 1219 3114 Patre
1231 3069 1297 3115 om·

143 3152 240 3231 nium,
252 3153 312 3220 hoe
326 3163 385 3233 est,
398 3154 455 3220 ⁷de
468 3153 591 3218 Verbo:
607 3151 687 3218 altar
700 3175 808 3218 rursus
823 3153 907 3219 dieat
918 3153 958 3218 de
968 3158 1048 3218 8ιιιιο
1058 3153 1167 3218 AEone
1178 3173 1295 3232 eorum,

144 3255 293 3341 quisunt
317 3257 351 3321 in
372 3257 550 3323 Pleromate
574 3256 710 3334 AEones
735 3254 816 3320 diei:
840 3255 894 3320 alii
919 3262 1025 3320 autem
1046 3255 1087 3320 de
1109 3253 1243 3331 Christo,
1263 3262 1297 3319 et

142 3359 282 3426 aliosde
306 3360 475 3426 Salvatore.
513 3358 575 3441 Qui
596 3367 702 3424 autem
725 3357 846 3424 illorum
866 3358 994 3445 peritior
1012 3365 1072 3438 est,
1094 3365 1297 3445 posteaquam
1359 3360 1361 3364 ’

142 3463 275 3528 multum
297 3473 405 3530 tanaus
424 3462 621 3550 protraxerit,
643 3461 682 3526 de
704 3460 794 3526 Horo
812 3463 859 3526 ait
878 3461 996 3527 dietum
1015 3483 1101 3528 esse:
1123 3461 1204 3526 alius
1223 3481 1297 3526 vero

142 3585 212 3630 eam
232 3587 302 3652 quae
319 3575 370 3650 est
389 3566 472 3631 intra
491 3564 726 3652 plenitudinem,
749 3564 899 3650 Sophiam
916 3564 1103 3652 significari:
1127 3565 1207 3628 alius
1223 3585 1296 3630 vero

140 3667 226 3732 illam
247 3689 318 3754 qua
339 3677 429 3734 extra
448 3668 672 3756 plenitudinem
696 3677 756 3748 est,
781 3668 920 3733 Matrem
941 3667 1139 3742 annuntiari;
1163 3673 1197 3732 st
1217 3665 1296 3732 alius

141 3771 249 3834 mundi
270 3771 487 3836 fabricatorem
505 3771 609 3836 Deum
630 3771 725 3836 diest.
770 3770 881 3836 Tantae
901 3777 975 3835 sunt
996 3770 1035 3834 de
1056 3791 1119 3834 uno
1140 3767 1222 3834 inter
1241 3789 1296 3834 eoa

141 3873 346 3953 diversitates,
370 3873 410 3939 de
432 3873 540 3939 iisdem
564 3873 734 3961 Scripturis
754 3873 856 3940 variae
876 3873 1027 3939 habentes
1044 3871 1235 3938 sententias:
1262 3879 1295 3937 et

141 3977 384 4062 unoeodemque
392 3997 533 4042 sermone
544 3976 635 4056 laeto,
642 3976 777 4044 universi
786 3975 931 4042 obductis
938 3975 1110 4062 superciliis
1120 3974 1295 4062 ⁹agitantes

189 4133 199 4166 ¹
216 4151 297 4198 qaum
311 4135 364 4185 Aa.
372 4151 380 4196 ς
393 4133 481 4182 Mass.
491 4133 571 4198 prints
583 4133 626 4182 tha
636 4149 693 4183 eon·
790 4133 802 4166 ⁴
819 4134 865 4184 See
875 4151 901 4199 p.
916 4144 971 4196 274,
986 4145 1009 4196 5.

135 4215 244 4280 jactura]
254 4217 412 4267 emendation
424 4232 488 4279 qum
501 4216 607 4280 perhaps
618 4231 693 4278 qum
790 4213 801 4246 ⁵
817 4215 869 4264 AB.
882 4215 1009 4278 tutemet
1020 4229 1067 4278 qao
1077 4228 1184 4264 mom
1193 4227 1231 4263 eoa
1244 4228 1293 4265 aa.

139 4315 198 4364 may
214 4301 278 4350 have
298 4301 360 4349 been
376 4301 420 4350 the
440 4297 595 4348 translator's
614 4298 690 4347 word.
791 4293 802 4326 ⁶
819 4296 883 4358 ἀρχῆ
896 4297 970 4360 being
980 4312 996 4344 a
1006 4311 1079 4344 name
1090 4295 1119 4343 oi
1129 4293 1292 4360 Monogenes,

140 4380 192 4429 For
202 4382 289 4431 Horou
299 4383 325 4430 in
337 4382 380 4432 the
390 4397 458 4431 same
469 4380 526 4440 line,
537 4380 580 4429 the
590 4379 634 4429 On.
648 4380 693 4428 hae
742 4389 760 4428 1.
774 4379 814 4439 82,
827 4393 849 4438 r,
863 4394 891 4428 as
902 4379 978 4427 Pater
988 4395 1039 4428 was
1051 4379 1080 4428 ol
1093 4379 1177 4442 Lepos,
1198 4391 1216 4430 1.
1232 4395 1270 4430 10.

139 4463 256 4520 Horam·
269 4465 321 4514 Aa.
334 4464 415 4515 Hora.
440 4463 479 4513 (il.
493 4475 511 4512 L
521 4461 561 4524 62,
575 4476 589 4524 3
596 4478 603 4523 ;
620 4459 659 4527 69,
669 4477 691 4513 r.
790 4459 802 4494 ⁷
819 4461 879 4522 Aa,
892 4461 981 4510 Mure.
990 4473 1020 4511 11.
1033 4460 1077 4510 ltoo
1087 4467 1119 4510 eat
1130 4477 1192 4511 uero.

189 4543 275 4609 ’typi
290 4546 346 4607 Gn,
357 4546 455 4607 Voss.;
471 4543 540 4608 typi,
556 4547 607 4595 Aa.
792 4541 803 4575 ⁸
819 4545 835 4593 i.
846 4559 866 4592 o.
885 4545 978 4604 Πάντα,
992 4555 1012 4594 1.
1025 4557 1063 4604 ²3·

188 4623 372 4691 ’incipiebant
386 4629 494 4688 Ιμελλον.
792 4624 1293 4690 'MSS.‚buth.alterFrU.9yruntra
