3270 5080
299 259 365 323 232
657 271 833 327 GENTIUM
857 270 1090 326 DIFFICILIOR

157 451 210 490 ma
218 450 261 537 χαι.
298 435 492 494 mortuorum
519 433 553 494 et
579 425 751 512 prinoipem
775 425 849 492 vitae
875 424 948 500 Dei,
972 445 1045 490 eum
1073 424 1126 512 qui
1157 445 1214 512 per
1237 423 1462 490 extensionem

133 499 226 628 effi
227 499 285 674 {vlt
298 552 445 596 manuum
460 529 647 596 dissolvebat
657 528 822 608 Amalech,
837 537 871 594 et
884 527 1061 594 vivificabat
1074 527 1233 592 bominem
1246 527 1286 592 de
1299 527 1462 613 serpentis

134 632 392 721 ¹·plaga
409 655 465 719 per
485 633 580 698 fidem
595 653 665 718 quae
683 639 750 696 erat
764 631 797 695 in
811 652 894 696 eum.
930 630 1050 696 Gentes
1063 629 1189 746 quidem
1202 630 1303 716 primo
1318 629 1461 696 catechi-

135 748 201 788 Boe
210 747 261 788 ”tt
299 737 389 802 sabat
412 735 594 822 Apostolus,
618 733 908 820 quemadmodum'
898 755 931 798 1n
952 754 990 798 eo
1010 732 1098 811 libro,
1121 732 1174 819 qui
1193 741 1268 799 ante
1288 733 1371 798 huno
1392 741 1458 811 est,

299 839 501 917 ostendimus,
523 837 681 903 discedere
699 837 741 901 ab
761 836 911 902 idolorum
930 835 1160 924 superstitione,
1180 845 1214 902 et
1231 857 1328 900 unum
1348 836 1459 901 Deum

299 941 410 1020 colere,
428 942 578 1006 factorem
597 940 667 1006 ooeli
689 949 723 1005 et
739 949 841 1019 terrae,
861 948 894 1005 et
914 941 1065 1006 universae
1084 939 1270 1006 conditionis
1289 941 1458 1005 fabricato-

299 1065 379 1108 rem:
403 1065 472 1109 esse
486 1052 591 1110 autem
606 1043 698 1130 hujus
717 1043 834 1108 Filium
856 1041 999 1107 Verbum
1013 1045 1090 1130 ejus,
1107 1064 1162 1128 per
1181 1065 1273 1128 quem
1290 1043 1458 1108 comtitnit

300 1146 414 1222 omnia,
440 1155 473 1212 et
501 1147 584 1212 bunc
610 1147 642 1210 in
672 1145 855 1212 ¹novissimo
881 1154 1021 1232 tempore
1045 1145 1202 1210 hominem
1225 1147 1256 1210 in
1277 1145 1460 1211 hominibus

299 1249 428 1328 factum,
444 1250 626 1314 reformasse
641 1249 766 1334 quidem
786 1248 956 1313 humanum
973 1271 1082 1336 genus,
1097 1248 1287 1314 destruxisse
1300 1257 1406 1314 autem
1420 1258 1458 1314 et

300 1351 411 1417 vicisse
425 1351 584 1416 inimicum
598 1351 742 1430 hominis,
758 1359 790 1416 et
805 1351 938 1418 donasse
951 1373 1009 1417 nuo
1024 1352 1168 1439 phamati
1189 1351 1337 1416 adversus
1355 1351 1458 1417 reluc-

301 1461 421 1518 tantem
441 1453 632 1520 'notoriam
665 1454 781 1520 Adhuc
795 1461 900 1519 autem
915 1453 974 1520 etsi
994 1455 1227 1520 nonfaciebant
1242 1455 1396 1541 quierant
1414 1476 1459 1519 ex
1592 1439 1593 1500 l

301 1556 534 1622 circumcisione
555 1579 715 1622 semones
732 1557 804 1636 Dei,
819 1557 903 1644 quod
922 1565 1028 1623 essent
1049 1565 1266 1636 contemtores,
1291 1558 1346 1622 sed
1365 1566 1459 1623 eram
1592 1511 1593 1616 l

211 1684 232 1713 ι
266 1701 272 1713 ·
301 1659 527 1746 ⁸prseinetructi
542 1681 606 1724 non
620 1659 780 1736 moechari,
792 1681 850 1726 uec
864 1660 1018 1742 fornicari,
1034 1683 1096 1726 non
1111 1661 1217 1740 lumri,
1229 1683 1287 1728 nec
1300 1661 1455 1741 fraudare,
1592 1645 1593 1740 l

301 1770 334 1827 et
357 1784 549 1848 quaecunque
571 1763 605 1827 in
626 1762 860 1828 ⁴eatermiuium
882 1764 1093 1848 proximorum
1111 1765 1201 1843 liunt,
1224 1765 1307 1830 mala
1324 1786 1403 1844 eme,
1422 1773 1458 1832 et
1592 1813 1593 1876 t

300 1865 379 1930 odiri
395 1888 415 1930 a
433 1866 513 1932 Deo.
551 1868 745 1954 Quapropter
766 1873 799 1932 et
819 1865 909 1933 facile
928 1868 1140 1934 assentiebant
1159 1869 1199 1934 ab
1216 1868 1267 1934 his
1287 1869 1455 1950 abstinere,
1472 1899 1502 1938 e
1512 1900 1558 1938 oo.

301 1967 446 2055 quoniam
461 1968 529 2034 haec
544 1969 727 2036 didicerant.

368 2075 398 2137 2.
443 2071 584 2138 Gentiles
606 2094 679 2138 vero
704 2081 737 2140 et
762 2073 852 2140 hoc
843 2095 944 2161 ipsum
970 2074 1089 2141 discere
1113 2076 1287 2162 oportebat,
1309 2075 1457 2161 quoniam

302 2173 478 2259 hujusmodi
496 2175 690 2261 operationes
703 2175 804 2256 malae,
820 2185 853 2242 et
872 2177 1158 2256 *exterminatorim
1174 2185 1208 2242 et
1228 2177 1354 2242 inutiles
1371 2184 1457 2252 sunt,
1592 2183 1593 2192 ‘

302 2285 336 2342 et
349 2277 507 2342 damuoaae
521 2278 571 2343 his
586 2278 638 2364 qui
654 2288 821 2365 operantur
835 2299 898 2344 eas.
932 2279 1127 2366 Quapropter
1144 2279 1214 2366 plus
1228 2279 1388 2344 laborabat
1402 2281 1457 2366 qui

302 2379 334 2444 in
352 2389 463 2468 gentes
482 2381 691 2466 apostolatum
711 2390 883 2468 acceperat,
903 2403 996 2466 quam
1012 2383 1065 2468 qui
1084 2382 1117 2446 in
1131 2381 1364 2448 circumcisione
1378 2405 1459 2467 prae·

303 2485 458 2550 conabant
471 2483 587 2548 Filium
603 2484 674 2550 Dei.
712 2483 786 2550 Illos
801 2485 883 2548 enim
897 2485 1085 2572 adjuvabant
1099 2485 1276 2572 Scripturas,
1292 2507 1369 2573 quas
1384 2507 1459 2550 oon-

303 2588 438 2652 firmavit
452 2587 609 2653 Dominus
626 2595 659 2652 et
677 2588 867 2674 adimplevit,
881 2588 955 2653 talis
976 2589 1102 2655 veniens
1121 2589 1239 2675 ⁶quatia
1260 2597 1293 2654 et
1307 2589 1459 2675 praedioa·

303 2693 409 2756 batur:
433 2689 485 2754 hic
499 2712 571 2755 vero
585 2689 748 2777 peregrina
762 2689 905 2776 quaedam
918 2691 1060 2769 eruditio,
1076 2699 1109 2756 et
1123 2713 1202 2757 nova
1216 2691 1366 2771 doctrina,
1381 2693 1461 2756 deos

303 2792 454 2878 gentium,
464 2813 527 2857 non
538 2793 639 2857 solum
652 2813 716 2856 non
730 2813 799 2857 esse
813 2791 898 2870 deos,
913 2792 1025 2856 sed⁰et
1039 2792 1121 2858 idola
1135 2815 1204 2859 esse
1215 2793 1457 2867 daemoniorum3

232 2950 237 2962 .
271 2949 276 2962 .
304 2915 373 2959 esse
387 2902 492 2958 autem
505 2915 602 2957 unum
617 2893 731 2972 Deum,
747 2892 800 2979 qui
815 2901 969 2980 estsuper
982 2916 1096 2960 omnem
1110 2897 1122 2937 ⁷
1123 2897 1349 2982 primipotum,
1365 2905 1393 2960 ot
1406 2894 1462 2960 do-
1566 2923 1567 2926 ¹

304 2997 507 3075 minotionon,
524 3005 553 3061 ot
560 3005 745 3082 potestator,
761 3005 790 3061 ot
803 3017 886 3060 omne
900 3017 1007 3061 nomon
1020 2999 1101 3084 quod
1112 3000 1303 3064 nominator:
1319 3007 1352 3064 et
1366 2999 1461 3086 hujus

307 3099 459 3178 Verbum,
470 3099 671 3164 ⁸naturaliter
681 3099 805 3186 quidem
819 3100 1012 3180 invisibilem,
1025 3102 1209 3189 palpabilem
1220 3111 1253 3168 et
1263 3103 1414 3169 visibilem
1426 3103 1462 3167 in

176 3223 197 3260 i·
213 3219 227 3259 i·
305 3203 483 3268 horninibus
496 3203 624 3281 factum,
645 3211 678 3268 et
692 3225 783 3290 usque
796 3204 842 3269 od
853 3213 977 3270 mortam
995 3205 1201 3285 descendisse,
1221 3217 1345 3274 morton
1358 3215 1462 3270 aotam

307 3307 422 3374 crudo:
445 3315 479 3372 et
498 3305 619 3393 eosqui
636 3307 670 3371 in
689 3329 758 3371 eum
774 3306 914 3387 eredunt,
936 3307 1184 3396 incorruptibiles
1202 3318 1236 3375 et
1254 3309 1461 3397 impassibiles

360 3560 442 3622 ¹011„
455 3561 516 3622 An,
530 3559 605 3621 Vua,
618 3557 708 3621 Voss,
724 3559 756 3610 ul.
774 3557 803 3607 ia
818 3575 858 3608 oo
908 3567 962 3620 tem,
986 3559 1032 3610 but
1054 3561 1098 3611 has
1119 3577 1193 3625 super
1215 3579 1300 3625 omna,
1322 3565 1462 3629 indicating

309 3643 414 3694 ar'aeimt'a
424 3641 574 3707 temporibus.
909 3641 991 3706 plural
1001 3659 1083 3692 nouus
1100 3643 1139 3692 for
1153 3645 1196 3694 the
1211 3645 1309 3708 haeum,
1329 3661 1357 3696 as
1375 3647 1401 3694 in
1417 3647 1462 3696 tbe

358 3724 370 3757 ¹
385 3726 437 3775 An.
450 3725 580 3784 insertare,
594 3725 639 3784 rip
656 3725 773 3773 nordroni
784 3739 856 3774 κατα·
911 3723 997 3788 Syr-iac
1008 3726 1112 3774 version.

310 3809 475 3858 παλαίσαντος
491 3808 564 3866 νίκην.
960 3803 971 3836 ⁸
987 3805 1144 3856 Naturaliter
1152 3807 1252 3871 quidam
1259 3808 1461 3869 invisibilemdto.

357 3889 368 3922 ³
385 3889 514 3938 Missum
525 3888 596 3937 reads
607 3886 753 3951 proeatmcti,
767 3885 817 3935 and
828 3887 859 3934 he
910 3883 1148 3948 Repmmmnnew
1157 3887 1375 3952 nimimipaem
1385 3891 1463 3939 Iouam

309 3977 397 4038 quotes
414 3973 457 4021 tho
473 3972 574 4022 Onusta.
596 3969 646 4020 and
667 3969 748 4018 Voss
769 3969 858 4029 MSS,
911 3965 1007 4029 Ipnutii
1018 3968 1046 4016 in
1056 3967 1165 4031 Epistola
1175 3971 1211 4019 od
1222 3969 1396 4034 Polycarpum,
1410 3971 1462 4021 Ira·

309 4055 407 4119 though
429 4055 473 4104 the
497 4053 541 4104 On.
570 4053 615 4103 has
639 4051 787 4116 pecario&-
813 4051 860 4100 but
911 4047 962 4098 noea'
977 4049 1135 4113 capuanam:
1151 4049 1180 4099 io
1193 4066 1239 4114 quo
1256 4051 1296 4101 uir
1312 4051 1464 4115 Apostolum

309 4135 426 4185 Gaann’s
435 4134 539 4198 reading
549 4131 723 4197 agreeabetter
731 4131 792 4180 with
804 4149 860 4193 erpo
914 4133 1037 4184 Mum
1050 4133 1146 4184 Furium
1160 4133 1209 4184 Dei
1224 4134 1286 4185 dicit
1299 4137 1340 4185 τὸν
1354 4137 1462 4199 ἀόρατον,

309 4215 478 4277 tempserunt,
503 4211 585 4261 which
606 4227 657 4261 was
678 4211 799 4277 probably
817 4212 861 4260 tha
912 4216 955 4264 τὸν
966 4214 1070 4274 δι’ἡμᾶς
1081 4215 1175 4277 ὁρατὸν·
1192 4217 1233 4265 τὸν
1241 4213 1412 4280 ἀψηλαφηταν,
1422 4217 1464 4266 τὸν

310 4296 392 4346 Greek
402 4293 478 4343 word.
512 4292 564 4343 AB.
577 4292 627 4340 and
638 4291 676 4340 M.
690 4303 720 4342 11.
732 4307 760 4342 aa
772 4293 859 4342 above.
914 4299 1004 4358 ἀπαθῆ,
1022 4297 1065 4346 τὸν
1079 4297 1108 4346 δι’
1121 4298 1183 4356 ἡμᾶς
1194 4300 1312 4358 παθητόν
1341 4299 1380 4362 Qf
1394 4299 1462 4350 Ball.

357 4376 418 4426 ‘ele
436 4373 694 4434 ἐξωλείαν...έξώλεις.
913 4379 948 4428 D.
969 4377 1026 4427 Fid.
1038 4377 1072 4427 N.
1086 4389 1142 4440 470.
1173 4379 1464 4443 Etpnideramcpiacum

357 4456 368 4488 ⁵
386 4457 429 4504 Gn.
443 4453 506 4502 ratu.
910 4459 1461 4526 Imminettoomooattmopontaeptaou,

358 4533 370 4568 ⁸
385 4537 437 4586 An.
451 4535 527 4582 omits
537 4539 565 4583 d.
908 4553 937 4588 cn
953 4555 1003 4604 quaa
1014 4539 1081 4603 forte
1096 4541 1464 4606 etiulpnatio,ctin1mnoeo

358 4616 370 4651 ⁷
386 4616 526 4666 absumite
540 4612 857 4678 principatum...potora-
907 4619 1085 4682 praeduratam
1094 4621 1238 4686 mpplendo.
1262 4623 1365 4675 Gnann.
