3334 5070
517 401 622 454 nruu
648 401 805 454 nunaunt
832 401 1016 455 exsrrrrr.
1296 385 1339 450 95
1417 405 1419 409 ’

186 573 359 617 venenum:
383 551 465 618 sicut
479 553 549 638 quis
563 575 652 640 aquae
672 555 805 618 mixtum
820 555 968 642 ¹gypsum
983 556 1061 619 dans
1075 577 1131 641 pro
1145 555 1235 632 laete,
1251 553 1341 618 sedu-
1377 571 1430 630 nra
1439 571 1481 612 ιιι.

186 663 239 720 cat
255 677 309 742 per
323 655 555 721 similitudinem
576 657 697 733 coloris,
713 657 795 723 sicut
810 659 953 744 ²quidam
974 658 1053 723 dixit
1076 657 1217 742 superior
1238 656 1338 736 nohis,
1353 619 1503 750 ‘ffisllllllp

186 759 226 822 de
242 759 385 823 omnibus
405 758 458 844 qui
479 758 616 845 quolibet
638 761 730 824 modo
750 761 920 846 depravant
939 783 1009 846 quae
1024 768 1098 826 sunt
1114 761 1186 839 Dei,
1208 767 1241 826 et
1254 759 1339 825 adul-
1387 757 1465 796 *ἡ*

186 870 291 928 terant
305 862 488 937 veritatem
511 862 569 926 8Ινι
584 862 646 927 Dei
660 863 737 927 berte
748 886 873 950 pypsum
890 864 969 930 orale
983 865 1135 930 raderetur,
1355 833 1502 844 *-

659 1149 760 1216 OAP.
785 1149 891 1216 XIX.

266 1315 354 1406 Qeoe
370 1313 578 1413 cousefur't,
598 1327 638 1388 ct
653 1314 800 1390 verb-um
818 1314 896 1390 Dei
911 1318 1139 1414 corofieret:
1168 1329 1210 1408 et,

262 1433 450 1508 Adversus
466 1459 523 1506 eos
539 1431 605 1531 poi
619 1431 746 1506 diceret
763 1431 867 1507 illum
878 1433 1046 1532 putative
1063 1433 1294 1534 apparuisse.

187 1619 218 1680 l.
265 1612 418 1677 Osrnuso
452 1614 624 1692 manifeste,
657 1614 741 1699 quod
771 1612 802 1677 in
833 1613 982 1701 principio
1013 1613 1156 1679 Verbum
1186 1614 1340 1679 exsistens

184 1717 269 1802 apud
291 1715 405 1795 Deum,
427 1738 483 1802 per
505 1737 598 1800 quem
618 1716 722 1781 omnia
742 1716 826 1781 facta
847 1725 930 1794 sunt,
954 1717 1007 1801 qui
1029 1725 1062 1782 et
1083 1739 1206 1803 semper
1230 1719 1340 1782 aderat

183 1819 291 1906 generi
312 1819 459 1896 humano,
487 1819 570 1883 hunc
595 1819 628 1882 in
653 1818 829 1882 novissimis
852 1819 1044 1904 temporibus
1067 1820 1238 1884 secundum
1262 1843 1339 1905 prae-

183 1920 306 1984 finitum
322 1929 446 2006 tempus
460 1942 480 1984 a
495 1919 602 1997 Patre,
615 1919 737 1983 unitum
751 1941 809 1985 suo
823 1919 977 2004 plasmati,
990 1921 1168 2006 passibilem
1183 1921 1339 1986 hominem

183 2025 312 2100 sactum,
334 2023 462 2088 exclusa
479 2031 529 2088 est
552 2021 653 2086 omnis
673 2023 877 2088 contradictio
900 2023 1090 2088 dicentium:
1116 2024 1151 2087 Si
1172 2046 1247 2111 ergo
1264 2033 1338 2090 tunc

184 2135 351 2204 natusest,
367 2149 429 2190 non
448 2134 515 2190 erat
535 2147 610 2212 ergo
629 2134 703 2191 ante
727 2125 881 2191 Christus.
929 2126 1131 2192 Ostendimus
1152 2129 1244 2207 enim,
1266 2130 1339 2215 quia

184 2252 247 2294 non
265 2237 340 2294 tunc
363 2230 459 2315 coepit
475 2228 576 2293 Filius
598 2227 670 2306 Dei,
692 2228 847 2293 exsistens
867 2250 989 2315 semper
1007 2231 1091 2316 apud
1110 2231 1258 2307 Patrem;
1282 2233 1337 2297 sed

184 2333 307 2420 quando
329 2332 507 2397 incarnatus
529 2341 587 2408 est,
610 2331 758 2396 ethome
780 2333 891 2407 sactus,
915 2333 1040 2419 longam
1061 2333 1221 2397 hominum
1244 2357 1338 2420 expo-

183 2437 329 2501 sitionem
358 2435 390 2498 in
419 2434 522 2520 seipso
548 2433 773 2520 recapitulavit,
804 2434 837 2497 in
866 2435 1064 2520 ⁴compendio
1094 2436 1183 2500 nobis
1204 2436 1338 2502 salutem

183 2547 345 2626 praestans,
375 2546 411 2603 ut
442 2539 525 2625 quod
554 2538 784 2623 perdideramus
813 2538 845 2600 in
877 2538 991 2616 Adam,
1022 2538 1054 2602 id
1079 2547 1137 2617 est,
1167 2540 1337 2604 secundum

183 2643 350 2730 imaginem
375 2651 408 2707 et
432 2639 667 2707 similitudinem
689 2663 758 2707 esse
781 2641 852 2720 Dei,
875 2641 934 2706 hoc
958 2641 989 2704 in
1009 2641 1133 2707 Christo
1156 2641 1180 2706 J
1182 2664 1237 2708 esu
1260 2643 1337 2708 reci-

184 2767 339 2832 paremus.

249 2853 279 2913 2.
318 2847 400 2930 Quia
422 2847 506 2912 enim
532 2869 595 2912 non
621 2855 687 2912 erat
713 2847 870 2934 possibile,
893 2869 965 2910 eum
987 2847 1145 2912 hominem
1167 2846 1219 2934 qui
1241 2848 1337 2912 semel

181 2952 283 3017 victus
297 2951 398 3017 luerat
413 2958 445 3016 et
463 2951 558 3016 elisus
577 2973 632 3037 per
652 2951 903 3028 inobedientiam,
922 2949 1119 3035 replasmare,
1143 2959 1176 3016 et
1195 2951 1337 3015 obtinere

181 3055 339 3119 ⁶bravium
367 3055 514 3131 victoriae,
546 3055 659 3118 iterum
692 3062 797 3118 autem
824 3053 1014 3138 impossibile
1042 3062 1110 3119 erat
1138 3063 1175 3118 ut
1203 3053 1337 3118 salutem

181 3157 354 3242 perciperet
369 3156 422 3242 qui
446 3157 504 3220 sub
519 3164 648 3241 peccato
663 3155 826 3234 ceciderat,
850 3164 980 3242 utraque
996 3163 1141 3243 operatus
1160 3165 1208 3221 est
1225 3156 1335 3233 Filius,

184 3257 326 3323 Verbum
360 3257 418 3321 Dei
447 3257 612 3335 exsistens,
639 3279 659 3320 a
683 3258 780 3322 Patre
809 3257 1009 3332 descendens,
1035 3267 1068 3322 et
1090 3258 1279 3338 incarnatus,
1303 3267 1336 3323 et

181 3381 281 3447 risque
305 3361 346 3424 ad
377 3368 510 3424 mortem
536 3360 736 3438 descendens,
767 3369 800 3425 et
828 3360 1088 3446 dispensationem
1117 3382 1337 3426 consummans

181 3463 293 3528 salutis
306 3471 432 3542 uostrae,
446 3463 496 3526 cui
509 3463 632 3528 credere
647 3484 705 3527 nos
719 3463 894 3527 indubitate
908 3464 1087 3539 adhortans,
1101 3463 1214 3528 iterum
1225 3464 1333 3530 ⁶dicit:

182 3565 235 3630 No
245 3565 363 3630 diceris
377 3567 410 3629 io
425 3566 512 3629 corde
527 3575 585 3643 tec,
612 3565 686 3644 Quis
705 3567 841 3631 aeecadit
856 3568 890 3631 io
907 3567 1037 3632 celera?
1058 3567 1110 3631 hoo
1125 3577 1166 3632 est
1183 3568 1335 3632 Uiriatum
1349 3595 1409 3634 nam.
1419 3605 1439 3636 x.
1449 3596 1469 3640 r,
1479 3594 1498 3639 r.

182 3667 338 3734 deducere.
383 3669 460 3746 Aut,
484 3667 557 3747 Quis
576 3667 729 3734 descendit
753 3669 788 3733 ire
810 3668 967 3753 abyssum?
998 3669 1050 3732 hoe
1073 3678 1115 3733 est
1139 3669 1290 3733 Christum
1314 3692 1336 3734 a

230 3859 241 3894 ¹
258 3861 344 3909 Pus!
356 3860 444 3910 relatos
455 3861 498 3910 the
509 3876 565 3910 case
575 3861 604 3910 ol
611 3877 628 3909 a
637 3876 695 3910 man
707 3861 737 3910 of
784 3876 852 3909 more
857 3860 908 3910 like
914 3861 957 3909 the
964 3860 1062 3920 dietum,
1069 3861 1112 3907 τοῦ
1121 3859 1252 3921 κρείττονος
1260 3859 1333 3918 ἡμῶν.

179 3942 244 3992 rank
260 3943 316 3990 who
332 3941 407 3990 killed
423 3941 524 3990 himself
538 3942 571 4004 by
588 3941 705 4004 drinking
720 3957 736 3990 a
832 3941 887 3989 ‘in
899 3940 1045 4002 compendio.
1073 3939 1337 4004 Themesningofthe

178 4024 258 4089 liquid
279 4025 438 4088 preparation
460 4025 489 4072 ol
507 4039 623 4088 gypsum.
652 4025 735 4072 Essem·
783 4027 848 4072 term
869 4022 920 4070 will
942 4023 972 4070 be
994 4022 1049 4070 best
1072 4037 1130 4070 seen
1157 4021 1267 4085 through
1293 4022 1336 4071 the

176 4106 248 4168 ptem
258 4105 351 4155 illustre
361 4105 388 4155 0.
399 4105 556 4154 Proculeium
566 4104 671 4166 Auffirrti
684 4104 732 4155 θαι·
784 4105 874 4164 Greek,
883 4106 928 4163 τὴν
938 4104 1035 4166 χρονίαν
1044 4104 1174 4166 ἀνθρώπων
1184 4103 1300 4153 ἀπόθεσιν
1311 4106 1335 4153 ἐν

178 4189 244 4237 amir
259 4187 416 4250 familiarem
433 4187 563 4236 sabaium
582 4186 611 4234 ia
628 4185 734 4234 martimo
784 4187 863 4247 darrih*
870 4185 1084 4247 ἀνεκεφιιλαίωσεν,
1096 4185 1217 4244 συντόμως
1228 4185 1335 4246 ἡμῖντὴν

178 4266 679 4332 morbidoloreqypropotacoarririrer
687 4267 734 4316 ribi
783 4267 903 4328 σωτηρίαν
919 4267 1077 4328 χαριζόμενος.
1113 4265 1151 4314 Cf.
1165 4265 1204 4324 88,
1219 4281 1244 4316 n.
1256 4281 1279 4316 r.

178 4357 285 4402 monem.
315 4351 351 4401 Η.
364 4351 396 4400 N.
411 4363 504 4400 mvn
519 4365 558 4411 24.
832 4348 977 4408 'bruniana
992 4349 1113 4411 βραβεῖον.
1152 4347 1230 4397 reor.
1243 4349 1277 4399 ix.
1287 4363 1326 4411 24.

227 4431 510 4495 ¹Seel⁷ol1.3,n.3.
832 4426 1058 4491 ‘The-objectos
1066 4439 1164 4477 cxvn.
1179 4428 1332 4488 bresumed,

229 4512 240 4546 ³
257 4513 352 4564 Graan
363 4513 486 4564 considers
502 4513 571 4562 these
582 4511 642 4562 final
653 4511 734 4560 words
782 4510 833 4560 and
848 4512 892 4560 the
908 4511 1005 4575 subject
1019 4512 1049 4560 of
1064 4511 1107 4560 the
1123 4511 1184 4560 verb
1199 4509 1260 4560 dicit
1274 4511 1295 4558 ie
1307 4511 1333 4560 S.

179 4600 208 4646 to
225 4597 256 4646 be
275 4613 291 4646 a
309 4596 433 4661 marginal
449 4601 515 4658 note,
537 4597 584 4644 but
601 4595 661 4658 they
674 4593 733 4642 read
784 4593 855 4653 Paul,
866 4593 947 4642 whose
959 4593 1206 4656 testimonyisthere
1214 4590 1333 4640 adduced.
