3270 5080
602 435 883 490 Jusunuosunn.
1252 417 1316 484 191

162 589 369 676 conscriptam
394 589 545 654 habentes
569 589 602 654 in
625 591 770 656 cordibus
801 598 834 655 et
860 589 1024 655 animabus
1048 587 1123 666 suis,
1154 587 1318 676 diligentes
1353 616 1455 702 3133&

162 694 283 760 scilicet
310 695 414 758 Deum
441 694 494 780 qui
520 693 594 759 lecit
622 715 686 773 eos,
707 702 740 759 et
764 694 958 760 abstinentes
983 715 1058 781 erga
1077 692 1253 778 proximum
1277 693 1318 757 ab
1331 710 1481 797 effic·

64 805 92 844 M·
102 805 144 850 ⁹⁴⁷·
163 795 335 881 injustitia:
364 803 489 882 propter
511 795 594 883 quod
614 818 677 860 non
699 796 759 862 suit
781 817 909 862 necesse
933 795 1092 862 admoneri
1117 816 1171 860 cos
1194 815 1317 880 correp-
1371 802 1412 842 Μ-
1422 804 1441 841 ³·
1461 782 1468 795 ⁶

162 899 252 964 rosis
272 899 381 976 uere,
404 899 477 985 qun
496 901 652 964 mosum
673 899 706 963 in
725 900 902 986 semetipsis
917 899 1074 986 justitiam
1094 897 1198 985 Legis.
1237 897 1318 963 cum
1331 880 1480 894 ““’“”

163 1012 269 1068 autem
283 1003 352 1067 haec
369 1003 494 1088 justitia
511 1011 544 1068 et
565 1002 689 1069 dilectio
705 1025 775 1090 quae
791 1012 857 1068 erat
876 1023 951 1090 erga
966 1003 1080 1080 Deum,
1103 1000 1266 1068 ¹cessisset
1284 1000 1317 1064 in

163 1105 356 1185 oblivionem,
372 1111 422 1170 ²et
435 1106 576 1171 extincta
589 1114 673 1172 esset
687 1106 721 1171 in
738 1107 885 1193 AEgypto,
900 1105 1074 1171 necessario
1090 1104 1178 1170 Deus
1192 1112 1319 1189 propter

162 1209 293 1274 multam
307 1231 397 1274 stram
408 1213 501 1296 ³erga
511 1209 653 1275 homiues
666 1209 913 1274 benevolentiam
922 1209 1123 1294 semetipsum
1135 1207 1318 1272 ostendebat

163 1332 219 1395 per
238 1333 355 1391 vocem,
377 1321 410 1377 et
429 1312 538 1377 eduxit
557 1311 595 1376 de
616 1313 764 1399 AEgypto
781 1311 929 1397 populum
948 1311 1123 1388 invidete,
1144 1309 1191 1374 uti
1210 1329 1318 1373 rursus

164 1414 253 1479 lieret
275 1415 369 1480 homo
389 1415 559 1501 discipulus
581 1421 614 1480 et
636 1423 774 1480 sectator
793 1414 872 1490 Det
897 1422 930 1479 et
945 1414 1180 1500 ⁴subaffligebat
1199 1411 1317 1477 indicto

164 1515 352 1596 laodientes,
378 1525 415 1582 ut
443 1539 506 1582 non
534 1523 768 1583 contemnerent
793 1537 865 1581 eum
895 1515 947 1601 qui
976 1537 1011 1580 se
1037 1514 1120 1592 lecit,
1144 1521 1177 1578 ct
1203 1531 1318 1576 manna

165 1621 279 1686 cibavit
293 1625 391 1701 ⁶eum,
414 1621 460 1687 uti
474 1621 658 1686 rationalem
671 1620 849 1706 acciperent
862 1641 984 1686 escam:
1008 1617 1269 1706 quemadmodum
1284 1624 1317 1681 et

83 1772 88 1782 .
136 1773 141 1783 .
167 1723 296 1809 Moyses
309 1723 342 1788 in
357 1724 601 1790 Deuteronomio
615 1723 679 1789 ait:
702 1723 747 1787 Et
759 1723 874 1788 cibavit
887 1731 915 1787 tc
934 1743 1058 1799 mcccc,
1080 1721 1161 1808 qood
1172 1741 1231 1785 coc
1244 1721 1316 1784 ccic-
1332 1746 1442 1788 ceuceu.
1451 1749 1469 1786 a

165 1823 238 1890 doct
244 1837 354 1912 patrea
367 1828 423 1905 tul,
439 1829 487 1891 uti
501 1849 664 1914 cognoscas,
680 1827 823 1912 quoniam
841 1847 901 1890 coc
915 1827 948 1889 ic
956 1845 1042 1910 paroc
1055 1823 1113 1889 eolo
1130 1824 1207 1888 oz'soit
1225 1823 1317 1904 hmo,

165 1931 235 1995 leod
246 1931 281 1995 ic
294 1931 376 1995 cnuti
390 1929 476 1996 cerdo
490 1930 562 2009 Dci,
577 1930 804 2017 quodproccolit
818 1931 856 1994 de
869 1951 920 1994 orc
934 1929 1007 2012 pcc,
1023 1928 1101 1993 uicit
1112 1927 1206 1994 locro.

587 2202 689 2268 OAP.
713 2200 894 2267 XXVIII.

274 2341 303 2415 Ι
300 2369 325 2415 u
342 2367 412 2440 quo
429 2340 556 2439 difflrt
572 2339 780 2440 Decolopus
796 2366 823 2414 c
840 2339 990 2439 reliquia
1000 2342 1206 2440 preceptis.

164 2489 232 2555 ἘΤ
255 2513 330 2578 erga
352 2491 457 2557 Deum
476 2489 673 2556 dilectionem
690 2489 899 2576 praecipiebat,
921 2497 954 2555 et
976 2511 1046 2556 eam
1064 2512 1134 2578 quae
1155 2491 1196 2556 ad
1217 2491 1320 2577 proxi·

165 2613 252 2657 mum
280 2601 330 2658 eet
359 2592 518 2680 justitiam
546 2592 750 2671 linsinuabat,
775 2600 812 2657 ut
838 2613 896 2656 nec
926 2592 1071 2680 injustus,
1096 2614 1154 2658 nec
1175 2592 1321 2680 indignus

165 2695 208 2760 sit
223 2695 303 2774 Deo,
317 2699 533 2782 ¹⁰procstruens
546 2695 703 2760 hominem
717 2717 773 2782 per
786 2695 973 2782 decalogum
988 2694 1021 2760 in
1035 2717 1125 2760 suam
1139 2693 1320 2776 amicitiam,

165 2805 198 2863 et
222 2819 292 2862 eam
313 2820 382 2885 quae
406 2799 489 2864 circa
507 2799 682 2886 proximum
703 2807 752 2864 cst
774 2799 991 2863 concordiam:
1017 2819 1087 2885 quse
1111 2797 1236 2885 quidem
1261 2797 1321 2884 ipsi

165 2900 331 2985 proderant
350 2901 479 2980 homini,
502 2901 578 2966 nihil
597 2909 703 2966 tamen
723 2901 883 2988 indigente
907 2901 977 2967 Deo
1002 2901 1043 2966 ab
1062 2901 1198 2968 homine.
1245 2901 1322 2966 ¹¹Et

163 3012 290 3090 propter
314 3003 374 3070 boc
395 3003 555 3091 Scriptura
574 3004 638 3072 ait:
663 3003 728 3070 Hos
747 3025 894 3069 cormones
913 3003 1024 3070 muco
1046 3014 1089 3069 cst
1108 3005 1257 3069 Dominus
1278 3003 1324 3069 ad
1335 3033 1463 3072 nectam

163 3127 278 3170 ornnem
291 3127 471 3191 cympcpam
482 3105 623 3187 filiorum
637 3103 741 3169 Israel
752 3105 787 3170 ic
801 3115 906 3183 umato,
923 3115 952 3170 ct
966 3105 1077 3170 ¹²uiltt'l
1089 3105 1222 3190 adiecit·
1244 3105 1321 3170 nihil

165 3209 258 3288 enim,
285 3208 545 3295 quemadmodum
568 3205 776 3293 praediximus,
801 3207 961 3296 indigebat
984 3208 1103 3274 abeis.
1142 3208 1187 3274 Et
1207 3207 1320 3273 iterum

167 3311 296 3398 Moyses
307 3311 368 3376 ait:
393 3311 437 3376 Et
450 3333 530 3375 curro
540 3309 653 3389 Iorocl,
669 3309 748 3397 quid
758 3311 909 3376 Dominus
922 3311 1007 3376 Deus
1021 3311 1232 3398 tuuapostuht
1246 3335 1267 3376 a
1282 3321 1320 3392 tc,
1335 3340 1396 3382 neue
1405 3351 1427 3380 ι,
1437 3341 1466 3381 rr.

165 3414 228 3479 uici
247 3415 352 3479 timore
370 3414 538 3479 Domiccuc
550 3413 653 3479 Demo
673 3423 768 3492 trucm,
786 3413 943 3480 orubulorc
962 3415 997 3480 ic
1015 3414 1151 3480 omuibus
1168 3416 1228 3482 olio
1246 3416 1320 3501 poc,

215 3585 225 3617 ¹
243 3585 320 3637 MSS.
337 3585 411 3636 ocatit.
767 3585 817 3636 aud
828 3586 908 3637 Voss.
921 3585 1045 3650 affligebat.

215 3665 227 3698 ²
243 3673 268 3716 et
283 3669 394 3716 extincta
408 3671 472 3716 esset
489 3667 515 3716 in
529 3667 650 3732 AEgypto.
685 3666 716 3716 c.
816 3667 828 3698 ⁸
845 3667 891 3717 See
907 3684 931 3732 p.
948 3683 1001 3733 149,
1016 3685 1041 3718 n.
1057 3685 1080 3728 4.

167 3747 246 3795 Mosa
261 3754 282 3795 rt
298 3747 367 3796 ma·
383 3747 480 3808 Ιισυιῗεω,
494 3755 521 3796 at
533 3763 562 3797 cc
573 3747 670 3811 acrtpttc
682 3763 717 3796 co·
814 3747 825 3780 ⁶
842 3749 896 3808 Cn„
906 3749 996 3809 Voss,
1006 3749 1082 3809 vnn,
1093 3749 1206 3809 butAs,
1217 3749 1261 3799 dc.
1274 3765 1320 3803 coc.

166 3843 224 3876 rum
240 3827 330 3889 colligit
343 3827 493 3877 waiam
509 3829 675 3878 (denebrac-dm
690 3829 718 3878 tc
816 3829 828 3864 ²
844 3831 885 3880 scd
896 3831 924 3880 ta
935 3831 1008 3881 omni.
1038 3832 1091 3880 The
1102 3831 1322 3881 remainderoltbe

168 3909 576 3972 Olmbo,aoctwc‚1eroctccein
582 3912 720 3976 captivitate
768 3913 898 3977 quotation
916 3913 938 3962 is
955 3913 1004 3963 lost
1021 3913 1047 3962 in
1066 3913 1108 3962 the
1126 3913 1179 3973 (ln,
1194 3913 1277 3977 owing
1294 3919 1322 3964 to

167 3992 719 4057 AEmtr'oocconstcrrticct'mcpuidcutlinguom
767 3995 811 4044 the
821 3999 872 4044 two
883 3995 977 4043 similar
987 4011 1129 4060 coquemus,
1143 3993 1200 4043 civit
1211 3993 1287 4044 locro.

166 4074 323 4134 Hebraiccm,
338 4089 388 4122 cuc
400 4075 478 4136 pcrtr'c
492 4073 608 4134 hobitum,
621 4081 641 4123 ct
653 4075 719 4124 avito
817 4074 828 4107 ⁸
844 4077 896 4126 As.
910 4077 983 4124 omits
995 4083 1023 4126 et.

166 4157 268 4206 contiuo
286 4157 427 4207 munim:
443 4173 526 4206 mm
543 4157 720 4207 moctlacimcm
817 4157 896 4207 ἈΕ
910 4157 1091 4206 incinuobatur.

105 4263 111 4274 ·
163 4239 367 4302 patriarcharum
373 4239 450 4300 fidem
464 4255 492 4288 ac
503 4238 720 4303 religioncmflopi·
816 4237 839 4271 ¹⁰
852 4245 1004 4302 proestrm
1026 4239 1106 4287 There
1116 4239 1138 4287 is
1149 4255 1182 4288 no
1193 4239 1321 4305 authority

166 4323 223 4371 tione
239 4321 375 4383 domim,
388 4322 442 4371 eolo
453 4321 528 4385 stirpe
542 4321 601 4370 Levi
611 4329 720 4384 ccccmo,-
767 4321 807 4369 sor
820 4321 938 4369 Gssun's
953 4327 1118 4382 monento.
1152 4319 1205 4369 The
1224 4326 1320 4370 antece·

167 4421 220 4466 quc
232 4404 258 4453 in
269 4421 298 4453 cc
312 4403 486 4466 perseverando
500 4401 628 4452 sacerdotii
639 4403 720 4466 digni·
767 4403 953 4462 dentietOstr,
964 4401 1110 4464 mprmpd.
1124 4404 1320 4464 προκατασκευό·

166 4492 237 4534 tolca
247 4485 295 4534 stoi
302 4484 444 4548 promeruit.
479 4484 599 4534 Fltunrtn.
707 4495 715 4506 '
768 4503 813 4536 σας
820 4487 862 4534 τὸν
874 4487 997 4547 ἄνθρωπον
1009 4487 1040 4535 etr
1048 4487 1092 4544 τὴν
1104 4486 1177 4533 αὑτοῦ
1189 4485 1318 4545 φιλότητα,

216 4567 227 4598 ³
243 4583 300 4627 cryc
315 4567 428 4626 bominem
442 4567 524 4615 notin
538 4566 581 4614 Cu.
595 4581 624 4614 or
634 4565 716 4615 Voss.
817 4566 837 4598 ¹¹
856 4567 957 4615 Cursu.
971 4566 1020 4614 and
1027 4565 1107 4614 Voss.
1121 4565 1182 4614 omit
1193 4572 1220 4614 ct.

216 4649 226 4680 ⁴
243 4649 296 4698 Tho
307 4649 357 4699 An.
371 4649 480 4715 reading,
499 4651 637 4713 aeolice.
673 4650 716 4700 Cu.
816 4647 838 4678 ¹³
855 4649 894 4697 (ll.
907 4665 931 4711 p.
948 4645 1001 4709 186,
1015 4663 1039 4697 n.
1055 4659 1076 4709 7,
