3260 5082
295 312 363 376 424
666 327 917 384 HIERUSALEM
945 327 1076 382 DENUO

160 498 214 540 mn
226 499 256 585 vl:
296 486 368 566 post
382 481 552 547 adventum
568 482 769 562 Antichristi‚
790 491 823 549 et
840 483 1048 569 perditionem
1067 476 1207 547 omnium
1227 480 1369 568 gentium
1390 479 1452 545 sub

133 592 284 678 ‘’ffllssffi'·
297 605 335 648 eo
361 585 590 664 exsistentium,
606 586 639 650 in
661 609 725 674 qun
745 587 922 674 regnabunt
936 587 1015 672 justi
1037 587 1070 650 in
1090 594 1183 664 terra,
1207 593 1384 650 crescentes
1409 605 1453 647 ex

163 695 227 724 ¹¹st
239 687 257 724 ¹·
297 686 414 752 visione
441 687 580 767 Domini,
603 697 636 754 et
659 712 714 776 per
746 689 848 776 ipsum
879 697 1062 755 assuescent
1090 711 1201 776 cepere
1230 687 1361 776 gloriam
1388 685 1451 752 Del

132 762 286 776 ⁸—-

297 789 413 867 Pstris,
429 799 462 857 et
483 814 555 857 cum
576 793 694 858 sanctis
709 792 830 882 angelis
850 791 1117 858 conversationem
1135 799 1168 857 et
1188 790 1450 866 communionem,

295 901 328 958 et
350 893 502 960 unitatem
524 895 710 981 spiritalium
727 897 760 960 iu
780 917 877 983 regno
897 896 1034 982 capient:
1059 903 1092 960 et
1110 895 1179 958 illos
1199 915 1278 980 quos
1293 891 1452 956 Dominus

295 997 328 1062 in
342 1020 435 1063 cerne
450 997 595 1077 inveniet,
611 1007 830 1086 exspectantes
849 1021 921 1064 eum
944 999 983 1064 de
1001 998 1100 1077 coelis,
1116 1007 1149 1063 et
1169 1019 1333 1083 perpessos
1350 996 1451 1062 tribu·

295 1101 452 1180 lationem,
477 1103 586 1189 quiet
611 1103 777 1190 effugerint
800 1102 897 1189 iniqui
924 1124 1047 1168 manus.
1093 1102 1158 1188 Ipsi
1186 1109 1292 1166 eutem
1316 1109 1391 1166 sunt
1409 1100 1451 1165 de

296 1204 408 1292 quibus
432 1205 478 1270 sit
498 1205 663 1292 propheto:
688 1214 717 1270 et
739 1205 878 1270 derelicti
900 1203 1186 1295 multiplicabuntur
1207 1204 1241 1267 in
1263 1213 1359 1268 terro.
1404 1201 1451 1266 Et

296 1316 450 1393 quotquot
469 1331 510 1373 ex
531 1310 729 1375 credentibus
749 1309 790 1372 nd
811 1308 871 1373 hoo
893 1307 1078 1394 praeparevit
1102 1307 1201 1386 Deus,
1223 1306 1264 1370 ad
1285 1304 1451 1370 derelictos

296 1409 548 1495 multiplicandos
567 1412 600 1476 io
621 1419 715 1490 term,
731 1419 764 1476 et
785 1411 844 1475 sub
866 1409 978 1497 Regno
999 1409 1186 1474 Ssnctomm
1201 1409 1278 1486 fieri,
1294 1417 1327 1472 et
1341 1408 1450 1473 minis-

295 1519 379 1576 trare
401 1512 474 1577 huic
496 1513 705 1591 Hierusalem,
721 1521 754 1578 et
777 1535 908 1600 regnum
927 1513 960 1576 in
986 1535 1034 1590 ea,
1061 1512 1249 1598 significavit
1276 1510 1451 1576 ¹Jeremia's

130 1625 251 1717 ,lffilffi
295 1615 460 1701 prophete:
486 1617 700 1702 Circumspice,
724 1616 840 1694 dicens,
863 1615 910 1680 od
933 1617 1086 1680 Orientem
1108 1614 1314 1691 Hierusalem,
1330 1623 1359 1678 et
1379 1613 1543 1682 videone.

133 1681 278 1758 mmup,
297 1718 438 1782 metutam
452 1739 521 1805 quoe
535 1719 680 1784 adventet
694 1719 750 1784 tibi
763 1719 802 1783 al
816 1721 880 1806 ipm
892 1719 969 1785 Deo.
1013 1718 1093 1782 Ecce
1111 1717 1304 1800 oenientstlii
1318 1719 1365 1782 tui
1379 1740 1452 1804 qums

296 1821 432 1898 omnini,
442 1821 562 1886 cenimt
576 1822 689 1887 collecti
704 1821 742 1886 ai
760 1823 883 1888 Oriente
896 1843 988 1909 usqne
1002 1823 1048 1886 ad
1063 1821 1252 1886 Occidentem
1266 1819 1352 1885 cerlo
1366 1821 1452 1884 illine

295 1925 404 2000 sancti,
416 1922 581 2009 pandentes
600 1946 636 1988 ea
656 1947 725 2012 quoe
745 1947 766 1989 a
790 1926 855 1989 Deo
872 1934 923 1991 tao
944 1935 986 1990 est
1000 1925 1152 1988 claritate.
1197 1923 1321 1988 Eruere
1334 1925 1452 1988 Hieru-

296 2026 390 2092 salem
413 2027 549 2092 lcditum
570 2028 667 2094 hamus
688 2038 718 2093 et
738 2029 912 2112 afflictionis
933 2037 1004 2105 tua,
1029 2036 1057 2092 et
1077 2026 1207 2092 induere
1231 2027 1366 2091 moron
1388 2027 1453 2110 ey'us

297 2155 367 2220 quoe
389 2155 411 2197 a
437 2133 502 2196 Deo
525 2142 576 2198 tao
599 2141 641 2197 est
664 2131 819 2196 claritatis
844 2133 879 2196 in
896 2141 1057 2196 murnum:
1088 2129 1282 2194 circumdare
1307 2131 1453 2194 amictum

297 2236 449 2326 duplicem
475 2237 539 2321 mus
562 2259 631 2323 quce
653 2259 675 2302 a
696 2238 763 2302 Deo
789 2245 840 2301 tue
861 2247 905 2301 est
916 2236 1058 2320 justitia,
1074 2237 1193 2320 impone
1214 2235 1340 2299 mitram
1360 2256 1452 2321 super

297 2349 391 2426 eaput
405 2349 489 2405 tuum
508 2339 618 2426 plerioe
640 2351 771 2406 ostentm.
817 2339 902 2405 Deus
923 2340 1002 2404 enim
1024 2337 1242 2403 demonstrabit
1261 2339 1291 2402 ei
1312 2361 1380 2424 qnae
1397 2337 1450 2402 sul

298 2442 369 2508 ceto
384 2452 427 2508 est
443 2445 595 2508 emicersoe
610 2452 694 2508 tunm
704 2443 871 2530 fnlporem.
923 2441 1086 2506 Vocabitur
1099 2462 1229 2526 namque
1246 2462 1351 2505 nomen
1366 2451 1451 2506 tuum

299 2543 338 2610 el
352 2545 416 2630 mse
431 2545 496 2609 Deo
510 2545 545 2608 in
559 2555 716 2620 memora,
727 2567 797 2630 pac
803 2544 936 2628 justitia
951 2553 979 2608 et
993 2543 1117 2628 'purim
1132 2542 1239 2607 colenti
1252 2543 1328 2607 Dee.
1353 2543 1452 2629 Surpe

298 2647 505 2726 Hierusalem
521 2656 612 2712 etsta
633 2648 667 2712 in
687 2647 807 2724 occeio,
823 2656 852 2710 et
871 2646 1069 2731 circumspice
1092 2645 1138 2725 ad
1159 2645 1322 2723 Orientern,
1337 2655 1367 2710 et
1381 2645 1451 2711 cide

298 2750 430 2816 collectos
441 2751 526 2832 filios
548 2759 613 2816 tuce
633 2773 654 2814 a
676 2749 757 2813 Solis
777 2759 846 2814 artu
867 2771 958 2836 nsque
980 2748 1026 2814 cd
1047 2749 1239 2814 Occidentem
1260 2747 1348 2814 nerto
1365 2749 1451 2814 illins

297 2855 405 2929 madi,
417 2853 582 2938 pandentes
596 2853 696 2938 ipsam
716 2852 780 2917 Dei
799 2853 1045 2918 recordationem.
1092 2852 1233 2938 Profecti
1250 2863 1321 2918 surrt
1335 2855 1416 2918 enim
1429 2875 1450 2918 a

298 2967 327 3022 te
334 2957 464 3042 pedites,
479 2954 554 3020 dnm
568 2955 794 3020 adducerentur
808 2955 847 3020 ab
861 2957 1005 3022 inimicis.
1044 2958 1224 3024 Introducet
1234 2958 1395 3024 illosDens
1408 2959 1454 3023 ud

297 3069 328 3124 te
345 3069 489 3144 portatas
511 3079 579 3122 cum
599 3057 703 3144 cloria
726 3067 874 3146 tanquam
898 3060 1024 3124 tironus
1045 3061 1145 3146 repni.
1202 3062 1348 3127 Decrevit
1370 3063 1452 3127 enim

298 3161 384 3225 Dens
397 3169 432 3226 nt
444 3159 624 3225 humilietur
637 3163 733 3226 omnis
752 3183 835 3227 neone
854 3163 993 3242 erremus,
1009 3173 1038 3228 et
1055 3163 1205 3250 cooperies
1224 3173 1356 3244 aterum,
1372 3175 1401 3230 et
1418 3174 1452 3229 ut

298 3263 392 3330 calles
413 3263 610 3350 impleantur,
637 3265 682 3330 cd
711 3266 909 3352 redipendam
932 3266 1100 3352 planitiem
1129 3275 1290 3346 terreant
1320 3267 1453 3335 animm

298 3366 405 3432 Israel
424 3376 486 3433 tute
508 3367 570 3432 Dei
590 3367 703 3453 pierio.
754 3367 942 3433 Umbraenla
967 3377 1069 3434 erdem
1092 3370 1287 3436 intonuerunt
1306 3370 1408 3456 syleae,
1424 3381 1452 3437 a

298 3491 383 3535 omne
398 3469 514 3556 lipnnm
529 3469 597 3535 boni
611 3471 711 3537 odoris
728 3471 793 3558 ipsi
812 3471 917 3536 Israel
926 3482 1080 3558 praecepte
1102 3474 1176 3539 Dei.
1220 3473 1356 3538 Prosilit
1372 3475 1453 3539 enim

299 3575 384 3640 Dens
397 3597 464 3640 cum
480 3575 591 3640 lotitia
606 3576 719 3641 lamine
734 3575 887 3641 euntem
897 3597 971 3656 suoe,
981 3597 1049 3641 enm
1060 3577 1271 3644 eriserieordia
1283 3578 1451 3662 etyicstitia,

294 3702 369 3766 ¹pure
382 3678 420 3744 el
435 3680 500 3767 ipso
515 3689 566 3744 eet.

298 3959 432 4023 Propheta,
457 3959 577 4025 mendic
596 3960 644 4012 ricta
661 3959 751 4026 pepedi
774 3957 850 4024 perti·
899 3973 953 4024 qua
964 3956 1088 4022 Propheta
1099 3957 1219 4023 preadicit
1232 3956 1452 4021 repressum-

297 4043 374 4094 nceia
394 4042 520 4094 domuere
540 4051 603 4105 emet,
628 4044 696 4094 Deus
716 4043 850 4106 respondit:
894 4043 1027 4105 secondom
1044 4057 1090 4092 esee
1101 4049 1175 4105 potet.
1216 4041 1371 4092 Msssunr's
1386 4041 1454 4091 reod-

297 4125 386 4174 Donec
413 4125 530 4175 declam
557 4125 651 4174 luerint
678 4126 792 4176 enum
822 4141 851 4174 eo
900 4125 945 4189 ing
961 4124 1155 4174 messeniorum
1170 4124 1192 4173 ie
1208 4123 1316 4188 adopted
1335 4139 1363 4172 sc
1379 4123 1453 4172 indis·

296 4205 366 4270 quod
387 4222 438 4256 non
463 4205 716 4256 inhabitentur-Et
740 4207 851 4271 poethoec
900 4207 1033 4271 penmble;
1060 4205 1097 4266 in,
1126 4222 1154 4254 es
1176 4206 1208 4254 he
1230 4205 1353 4266 observes,
1374 4221 1454 4270 repre·

297 4287 427 4350 slongubit
456 4285 524 4336 Deus
547 4287 660 4336 hominen
685 4289 729 4338 tao.
774 4287 852 4350 Atqui
901 4293 968 4338 cents
980 4288 1042 4350 περί.
1443 4333 1445 4341 ,

300 4381 356 4418 oum
370 4367 476 4428 oaecitus,
489 4383 545 4431 quus
562 4367 649 4418 Israeli
662 4369 760 4432 obtigit,
776 4367 851 4418 droa·
950 4369 1030 4420 ιΤΙιο
1057 4371 1189 4434 quotutlon
1216 4367 1293 4433 being
1319 4369 1385 4418 from
1411 4369 1455 4418 the

299 4455 358 4500 tara
381 4449 419 4510 eit,
440 4449 519 4500 donec
537 4451 665 4514 plenitudo
684 4451 797 4514 gentium
814 4451 850 4500 in·
901 4452 1063 4518 Apocryphnl
1073 4452 1140 4502 book
1150 4451 1258 4502 Buruch.

299 4533 412 4594 traverit,
434 4531 507 4583 Rom.
520 4532 553 4584 xi.
568 4543 607 4595 rs,
623 4539 755 4596 eoueqsuct
770 4547 852 4608 eorum
950 4531 967 4592 ²,
978 4532 1065 4584 Lxx.
1079 4534 1118 4606 rat
1129 4533 1187 4594 δόξα
1199 4532 1345 4598 θεοσεβείας.
1445 4593 1448 4596 ¹
