3276 5086
435 435 478 487 m
504 433 758 487 mrmumaru
784 435 1024 492 runnrcmun.
1244 421 1310 487 325

153 591 237 655 enim
256 589 384 676 aliquis)
402 589 498 654 voluit
516 612 591 676 ergo
611 589 767 655 Dominus
788 591 978 676 Apostolum
997 613 1089 655 suum
1108 591 1154 657 sic
1173 589 1310 676 colaphi·

152 694 225 771 sari,
255 702 288 758 et
322 692 418 758 talem
447 693 601 758 sustinere
638 693 868 757 infirmitatem?
902 693 1036 771 ·Etiam‚
1067 693 1144 758 dicit
1173 695 1309 758 verbum.

155 794 267 862 Virtus
281 797 364 861 enim
380 797 413 860 in
428 795 609 860 infirmitate
623 795 790 881 perficitur,
811 796 970 860 meliorem
986 797 1123 860 efficiens
1142 797 1235 874 hunc,
1257 819 1309 881 qur

152 921 208 983 per
227 921 317 964 suam
339 899 552 964 infirmitatem
576 897 736 984 cognoscit
756 897 902 962 virtutem
925 898 995 964 Dei.
1044 897 1311 980 Quemadmodum

152 1001 236 1065 eninr
262 1002 420 1066 didicisset
446 1001 550 1078 homo,
576 1000 721 1086 quoniam
744 1000 811 1086 ipse
836 1001 962 1085 quidem
985 1001 1125 1065 infirmus
1148 1009 1181 1065 et
1200 1009 1312 1065 natura

153 1105 302 1183 mortalis,
327 1104 416 1168 Deus
437 1111 545 1168 autem
565 1101 749 1168 immortalis
769 1111 801 1167 et
823 1111 944 1189 potens,
965 1103 1025 1168 nisi
1048 1103 1080 1167 id
1103 1104 1187 1188 quod
1206 1112 1255 1169 est
1277 1103 1311 1168 in

153 1216 293 1292 utroque,
305 1207 465 1272 didicisset
480 1205 712 1290 experimento!
743 1204 840 1269 Suam
852 1206 936 1270 enim
947 1206 1160 1270 infirmitatem
1176 1207 1310 1272 ¹discere

152 1332 207 1396 per
228 1310 460 1388 sustinentiam,
484 1308 561 1372 nihil
582 1317 631 1372 est
653 1307 787 1372 malum:
815 1309 918 1395 magis
939 1317 1045 1373 autem
1068 1319 1101 1375 et
1122 1311 1238 1375 bonum
1261 1319 1310 1375 est

152 1433 215 1475 non
233 1413 374 1476 aberrare
393 1411 425 1474 in
444 1420 555 1476 natura
575 1415 660 1474 2ειιο.
695 1409 832 1475 ³Extolli
851 1421 958 1475 autem
978 1412 1125 1476 adversus
1146 1411 1259 1490 Deum,
1277 1420 1310 1476 et

152 1514 404 1600 praesumtionem
419 1519 500 1580 ⁴suae
515 1513 621 1601 gloriae
638 1535 805 1592 assumere,
822 1513 979 1601 ingratum
996 1515 1127 1578 reddens
1142 1515 1310 1592 hominem,

153 1615 286 1706 multum
304 1615 376 1680 mali
398 1615 549 1681 inferebat
569 1615 672 1694 ei,⁶ut
692 1637 749 1680 nec
769 1616 933 1680 veritatem
952 1616 1094 1681 simulet
1113 1615 1310 1681 dilectionem

152 1719 288 1784 auferret
307 1721 411 1798 abeo,
427 1727 459 1784 et
479 1741 548 1784 eam
564 1741 634 1805 quae
652 1727 701 1784 est
720 1719 847 1783 adeum
864 1719 917 1804 qui
932 1719 1006 1784 fecit
1021 1741 1103 1786 eum.
1142 1717 1310 1784 Utrorum·

153 1844 214 1907 que
229 1825 350 1887 6autem
364 1822 556 1908 experientia
573 1843 677 1887 veram
693 1843 763 1907 quae
778 1829 828 1885 est
846 1822 885 1886 de
901 1821 1019 1886 Decet
1037 1822 1163 1886 homine
1176 1825 1311 1910 agnitio·

152 1947 225 1989 nem
241 1925 353 1990 indidit
367 1926 412 2001 ei;
429 1933 461 1990 ct
475 1926 564 1990 auxit
581 1927 649 2012 ejus
664 1945 739 2010 erga
758 1924 862 1988 Deum
877 1923 1082 1990 dilectionem.
1123 1924 1190 1990 Ubi
1204 1935 1311 1996 autem

152 2039 355 2116 augmentum
370 2039 419 2095 est
440 2029 625 2108 dilectionis,
646 2028 689 2093 ibi
706 2029 805 2114 major
824 2027 924 2115 gloria
944 2027 1005 2092 Dei
1025 2027 1139 2094 virtute
1154 2031 1311 2116 perficitur

155 2131 206 2196 his
221 2131 273 2218 qui
289 2132 423 2220 diligunt
438 2155 520 2196 eum.

219 2237 250 2298 2.
287 2233 440 2300 Relutant
468 2233 581 2319 ligitur
607 2231 780 2316 potentiam
810 2230 882 2310 Dei,
913 2239 946 2296 et
971 2253 1034 2296 non
1063 2234 1312 2320 contemplantur

153 2337 236 2424 quod
251 2345 300 2402 est
314 2338 472 2414 ⁸verbum,
488 2335 540 2421 qui
555 2334 769 2398 infirmitatem
784 2332 943 2398 intuentur
960 2334 1072 2413 carnis,
1090 2335 1236 2400 virtutem
1256 2359 1311 2400 au·

152 2449 219 2507 tem
233 2442 302 2526 ejus
316 2439 368 2526 qui
382 2439 514 2503 suscitat
528 2460 599 2503 eam
613 2460 633 2501 a
647 2437 786 2516 mortuis,
801 2459 864 2502 non
879 2438 1139 2525 contemplantur.
1178 2440 1213 2504 Si
1228 2441 1311 2506 enim

156 2618 204 2688 Ei
224 2614 353 2715 γὰρτὸ
372 2613 491 2696 θνητὸν
512 2614 548 2684 οὗ
573 2612 736 2715 ζωοποιεῖ,
755 2613 809 2684 καὶ
831 2613 875 2685 τὸ
894 2614 1053 2713 φθαρτὸν
1068 2617 1113 2700 μὴ
1131 2615 1246 2709 ἀνάγει
1268 2623 1310 2696 εἰς

157 2729 364 2829 ἀφθαρσίαν,
398 2727 452 2796 οὐκ
488 2726 563 2798 ἔστι
594 2724 730 2803 δυνατὸς
759 2729 777 2797 ὁ
809 2727 903 2803 Θεόε.
957 2728 1059 2798 Ἀλλ’
1087 2729 1142 2801 ὅτι
1175 2727 1310 2808 δυνατός

155 2844 249 2913 ε’στιν
271 2842 304 2911 ἕν
328 2849 401 2916 τοῖς
422 2839 589 2914 τοιούτοις
618 2841 731 2922 πᾶσιν,
762 2840 796 2909 ἐκ
827 2843 887 2922 τῆς
915 2842 1020 2940 α’ρχῆς
1050 2843 1138 2925 ἡμῶν
1169 2854 1310 2914 συννοεῖν

156 2955 348 3054 ὀφείλομεν·
382 2953 435 3024 ὅτι
464 2951 582 3038 λαβών
612 2954 630 3022 ὁ
654 2949 737 3028 θεὸς
760 2958 840 3047 χοῦν
871 2951 941 3024 ἀπὸ
967 2961 1024 3036 τῆς
1054 2963 1122 3046 γῆς,
1158 2957 1311 3039 ἐποίησεν

153 3149 282 3216 mortale
297 3171 360 3214 nou
374 3148 518 3226 vivificat,
531 3157 564 3214 et
576 3149 774 3235 corruptibile
788 3171 851 3214 non
866 3159 990 3216 revocat
1005 3151 1045 3216 ad
1061 3150 1308 3239 incorruptelam,

148 3255 216 3338 jam
235 3275 297 3317 non
313 3261 424 3337 potens
438 3256 509 3317 ⁹est
530 3252 627 3317 Deus.
665 3253 728 3316 Sed
748 3253 894 3339 quoniam
909 3263 1020 3340 potens
1039 3263 1088 3320 est
1108 3257 1140 3320 in
1157 3257 1227 3320 ⁹his
1245 3280 1309 3320 om-

152 3354 253 3432 nibus,
278 3355 316 3419 de
344 3354 433 3419 initio
459 3363 567 3420 nostro
597 3353 799 3440 contemplari
826 3356 993 3422 debemus:
1026 3357 1172 3443 quoniam
1197 3359 1310 3422 sumsit

153 3457 241 3522 Deus
262 3459 370 3522 limum
393 3459 432 3522 de
454 3467 547 3536 terra,
571 3467 604 3522 et
623 3457 769 3523 formavit
791 3458 957 3524 homiuem.
998 3460 1042 3524 Et
1064 3461 1189 3544 quidem
1211 3460 1309 3524 multo

202 3643 212 3674 ²
229 3643 327 3703 dircen,
345 3645 374 3692 τὸ
389 3645 438 3706 γὰρ
451 3645 535 3700 μαθεῖν
549 3644 578 3693 δι’
592 3645 709 3704 ὑπομονῆς
758 3645 867 3708 imagine
878 3645 921 3694 the
936 3645 1014 3694 scribo
1030 3650 1058 3693 to
1075 3645 1138 3693 have
1154 3645 1241 3708 falsely
1252 3644 1310 3693 read

153 3727 198 3786 τὴν
209 3725 270 3774 ἰδίαν
282 3726 412 3784 dederetur,
427 3727 492 3773 οὐδὲν
504 3727 583 3775 κακόν.
758 3726 900 3787 ἀπολαβεῖν,
920 3726 963 3774 tho
974 3726 1054 3773 words
1065 3725 1146 3773 would
1158 3741 1257 3788 express
1267 3726 1310 3774 tlrc

203 3803 215 3836 ¹
230 3819 287 3854 suo.
300 3841 321 3856 ..
332 3805 543 3866 procurationem,
560 3806 664 3854 omitted
681 3806 707 3854 in
758 3807 848 3866 Greek,
859 3807 922 3856 olore
929 3808 1061 3868 ἀποβαλεῖν
1069 3807 1140 3854 αὐτὸν
1146 3807 1189 3866 τὴν
1197 3808 1311 3866 ἀλήθειαν

154 3887 198 3935 the
210 3885 311 3934 Cunaro.
325 3901 396 3948 copy,
407 3885 490 3948 owing
500 3890 528 3934 to
538 3900 588 3933 ενα
599 3886 708 3935 immedi·
759 3888 798 3935 καὶ
816 3889 861 3946 τὴν
879 3889 978 3948 duecte
996 3887 1036 3949 ἀφ’
1055 3888 1135 3946 αὑτοῦ,
1156 3890 1201 3947 τὴν
1219 3893 1252 3938 εις
1268 3890 1312 3937 τὸν

154 3967 221 4032 ately
232 3967 366 4030 following.
758 3969 875 4018 κτίσαντα
892 3971 971 4019 αὐτόν.
1006 3969 1075 4018 Herc
1091 3970 1143 4018 also
1159 3971 1202 4018 the
1218 3977 1239 4019 et
1255 3987 1311 4020 con·

203 4049 214 4081 ⁸
231 4048 319 4108 attolli,
344 4049 373 4097 τὸ
395 4049 421 4096 δὲ
438 4048 570 4110 ἐπαρθῆναι
588 4050 650 4097 κατὰ
667 4049 708 4097 τὸν
758 4049 863 4098 dcmned
873 4051 906 4114 by
914 4050 1008 4098 Gnnnn
1017 4051 1038 4098 is
1049 4052 1204 4115 suppressod,
1213 4053 1311 4116 though

154 4133 222 4181 Θεόν.
758 4131 798 4178 καὶ
809 4131 830 4178 is
841 4135 885 4178 not
897 4132 966 4195 quite
977 4131 1153 4180 inadmissible.

203 4213 214 4244 ⁴
226 4215 271 4273 τὴν
282 4214 325 4272 τῆς
337 4213 397 4260 ἰδίας
408 4211 477 4271 δόξης
487 4211 633 4273 προαίρεσιν.
807 4211 818 4242 ⁶
835 4213 934 4262 Utuntt.
948 4212 1019 4260 enim.

1353 599 1445 686 1‘iiiii'

1336 693 1380 733 ou
1392 693 1417 732 v.
1428 693 1458 732 ιιι.

1344 741 1421 778 uass
1430 739 1457 779 v.

1301 796 1308 810 ·
1370 786 1399 824 lll.
1411 787 1427 824 l.

1325 859 1474 872 ——t

1325 2653 1356 2692 Ex
1364 2653 1377 2692 J
1378 2653 1414 2692 otr.

1324 2699 1461 2786 lfftiitu.

201 4295 256 4344 ⁸ut
270 4311 314 4346 noc
328 4293 457 4344 mitatem
480 4293 560 4341 There
574 4293 640 4342 iano
651 4294 708 4358 help
807 4294 1024 4357 7ταραπέμτονσι
1048 4296 1162 4361 perhaps,
1192 4313 1219 4346 as
1241 4310 1259 4348 1.
1287 4313 1307 4358 1,
1369 4277 1374 4284 .

152 4375 708 4441 forithuttoprinothopmgeaoeoming
758 4375 1039 4438 andu.76,7;78,a.
1074 4378 1212 4430 Anatim.

153 4460 234 4508 tothc
245 4459 321 4508 MSS.
357 4457 559 4507 Gnnsncanoels
570 4457 673 4506 arennd
687 4465 708 4506 et
807 4457 1310 4522 ‘omru.,v0ss.,vrr.,burnsum>.

153 4539 707 4603 altcrw,andlorodeumhereadsod
757 4555 847 4592 orrum.

154 4621 242 4672 Deum.
277 4621 363 4672 Butil
373 4621 642 4684 soracrwcrcadtio,
656 4621 708 4670 and
806 4620 872 4682 ’ert
885 4619 930 4682 lu'r,
945 4621 1252 4672 omittcdinthccunmr.
