3260 5082
310 331 379 396 412
694 344 812 400 nocue
836 341 1049 398 srrmroosr

175 515 266 559 nav.
309 507 370 564 trec
384 497 459 577 dieo,
476 507 505 562 et
519 505 578 563 tres
591 506 688 564 αοοίοο
702 498 824 576 maurit,
839 499 882 562 aio
898 497 958 562 crit
979 501 1022 562 ¹et
1042 494 1149 561 Filius
1171 494 1313 558 Ποναὶαιζι
1326 494 1361 558 ι’νι
1376 493 1467 558 corde

177 566 235 604 ml
246 567 262 602 l.

146 609 294 698 Ἥραν·
308 608 411 664 νοντα.
456 598 567 665 Sedet
583 599 756 685 Apostolus
770 599 833 664 ait:
859 599 1008 666 Accendit
1028 607 1140 676 cotem,
1155 598 1296 684 quidest,
1312 597 1374 661 οιζιί
1388 597 1465 683 qaia

177 703 236 742 ¹¹¹⁵·
248 706 264 743 ¹·
309 713 338 768 a
362 703 513 768 descendit
536 703 588 767 ²io
611 703 765 789 inferiora
788 703 907 769 umal
953 702 1027 768 Hoc
1049 710 1083 767 et
1107 701 1210 767 David
1236 701 1270 764 in
1294 723 1367 766 cum
1392 721 1465 784 pro·

144 781 440 904 ffiphetans
463 805 562 872 dixit:
586 805 633 871 Et
654 807 799 892 οττρνὼνί
824 807 962 872 animam
986 828 1082 871 meam
1106 827 1143 870 αο
1159 807 1281 892 insenso
1306 804 1465 889 inferiori.

308 909 488 996 Resurgens
511 916 617 974 autem
640 908 735 974 tertia
760 909 820 988 die,
844 918 878 975 et
902 907 1016 973 Mariae
1043 930 1114 995 quae
1139 930 1174 974 se
1200 909 1300 995 prima
1327 906 1404 972 vidit
1428 914 1464 972 ct

142 1029 272 1075 roanos.
306 1013 446 1078 adoravit
475 1011 617 1078 dicebat:
653 1011 750 1078 ³Noli
774 1035 821 1078 me
847 1023 979 1098 mopere,
1002 1011 1136 1077 amrelmo
1162 1013 1243 1076 caim
1267 1009 1392 1076 secordi
1417 1009 1465 1075 ad

306 1116 449 1196 Patron,
470 1117 525 1181 aad
544 1115 623 1182 eada
641 1117 688 1182 ad
711 1115 885 1203 decipulas,
901 1125 929 1181 st
954 1115 1005 1180 dio
1024 1115 1087 1180 ets:
1107 1113 1248 1180 Ascendo
1268 1113 1314 1180 od
1329 1113 1463 1178 Patrem

306 1238 414 1298 meum,
430 1229 459 1284 et
473 1219 604 1284 Patrem
617 1228 760 1285 cestram.

373 1323 403 1387 2.
427 1321 462 1386 Si
477 1341 554 1410 ergo
565 1321 741 1387 ³D0minus
757 1321 859 1409 legem
875 1329 1067 1386 mortuorum
1082 1319 1225 1398 servavit,
1241 1327 1277 1383 ut
1292 1319 1380 1383 fieret
1397 1319 1462 1405 pri-

305 1423 512 1511 mogenitusa
526 1424 666 1503 mortuis,
676 1433 709 1489 et
719 1432 928 1490 commoratus
939 1445 1038 1509 usque
1049 1423 1098 1486 ⁴in
1109 1422 1235 1487 tertiam
1246 1421 1328 1486 diem
1339 1423 1372 1486 in
1382 1421 1461 1486 infe-

197 1609 203 1622 ·
305 1526 438 1590 rioribus
454 1534 554 1605 terrae,
565 1533 636 1612 post
651 1526 762 1592 deinde
776 1547 908 1614 surgens
922 1525 954 1590 in
968 1547 1071 1604 carne,
1087 1533 1123 1588 ut
1138 1523 1233 1589 etiam
1248 1525 1383 1588 ⁵lixuras
1397 1523 1460 1588 cla-
1494 1553 1499 1562 ·

305 1649 413 1691 vorum
427 1627 604 1693 ostenderet
618 1627 786 1714 discipulis,
802 1628 847 1694 sic
861 1627 1003 1694 ascendit
1016 1629 1057 1694 ad
1074 1629 1211 1706 Patrem,
1227 1627 1381 1716 quomodo
1396 1648 1460 1691 non

305 1729 543 1808 confundantur,
560 1729 613 1814 qui
628 1730 737 1796 dicunt
756 1731 888 1796 ⁶inferos
907 1731 1032 1816 quidem
1047 1753 1117 1797 esse
1131 1731 1215 1796 hunc
1230 1730 1390 1809 mundum,
1405 1730 1458 1816 qui

305 1832 348 1898 sit
367 1831 537 1896 secundum
556 1853 634 1908 nos;
660 1833 837 1899 interiorem
860 1842 967 1898 autem
988 1834 1146 1899 hominem
1167 1835 1306 1920 ipsomm
1327 1833 1458 1898 derelin-

306 1943 452 2022 quentem
474 1935 525 2001 hic
547 1958 669 2024 corpus,
690 1937 723 2002 in
744 1937 997 2023 supercoelestem
1018 1937 1186 2003 ascendere
1207 1937 1333 2002 locum!
1378 1935 1458 2001 cum

306 2038 389 2102 enim
413 2037 568 2104 Dominus
590 2039 625 2104 io
644 2040 741 2105 οιοώἰο
760 2039 876 2104 omdroe
896 2042 1002 2106 mortis
1021 2039 1142 2118 abierit,
1166 2039 1220 2104 ubi
1240 2038 1353 2104 animae
1376 2060 1458 2103 mor·

305 2149 429 2208 tuorum
451 2150 550 2222 erant,
574 2151 646 2228 post
667 2143 777 2208 deinde
797 2143 997 2230 corporaliter
1018 2143 1195 2222 resurrexit,
1211 2151 1244 2209 et
1264 2151 1337 2230 post
1358 2163 1457 2207 resur-

305 2247 474 2313 rectionem
488 2255 647 2313 assumtus
661 2255 727 2313 est:
748 2247 947 2313 manifestum
959 2255 1008 2314 est
1020 2247 1093 2334 quia
1104 2253 1137 2312 et
1148 2247 1369 2334 discipulorum
1378 2246 1456 2332 ejus,

305 2357 431 2438 propter
453 2371 531 2435 quos
554 2357 587 2416 et
609 2349 678 2416 haec
701 2358 847 2438 operatus
875 2357 923 2415 est
947 2349 1111 2428 Dominus,
1137 2349 1250 2414 animae
1273 2349 1403 2414 abibunt
1425 2347 1458 2412 in

895 2534 904 2561 ἱ

138 2563 258 2648 penam
305 2533 357 2603 Al
391 2533 505 2632 ψυχαὶ
540 2537 749 2634 ἀπέρχονται
786 2539 829 2614 εἰς
865 2568 926 2608 τον
1019 2535 1145 2608 7τόπον
1182 2533 1244 2606 τὸν
1278 2535 1459 2634 ὡρισμένον

139 2655 278 2746 Qffissgllglgp
305 2646 418 2724 αὐτοῖς
436 2645 505 2718 ἀπὸ
528 2654 591 2720 τοῦ
612 2649 708 2735 Θεοῦ,
736 2649 827 2720 κᾶκεῖ
848 2650 949 2748 μέχρι
973 2649 1031 2730 ‘ric
1060 2644 1273 2724 ἀναστάσεως
1299 2652 1456 2747 φοιτῶσι,

305 2760 537 2859 περιμένουσαι
557 2761 617 2844 τὴν
632 2758 828 2834 ἆνᾶστοσιν·
847 2761 964 2832 ἔπειτα
982 2760 1222 2849 ἆτολαβοιῖσαι
1240 2757 1286 2832 τὰ
1304 2762 1455 2846 σώματα,

304 2955 487 3021 invisibilem
512 2955 624 3036 locum,
641 2955 804 3022 definitum
829 2957 876 3022 eis
900 2977 921 3021 a
945 2955 1024 3035 Deo,
1045 2965 1078 3022 et
1102 2956 1145 3022 ibi
1170 2958 1332 3056 usquead
1355 2979 1458 3024 resur-

304 3059 473 3124 rectionem
488 3061 772 3138 commorabuntur,
788 3059 982 3125 sustinentes
996 3061 1272 3126 resurrectionem:
1296 3067 1368 3146 post
1380 3061 1458 3128 reci·

303 3161 426 3247 pientes
450 3182 591 3247 corpora,
616 3169 649 3227 et
676 3162 813 3248 perfecte
846 3171 1055 3251 resurgentes,
1081 3164 1141 3230 hoc
1162 3173 1212 3232 set
1246 3166 1456 3254 corporaliter,
1469 3193 1545 3234 cae.

353 3380 363 3412 ¹
380 3387 407 3442 et,
423 3382 484 3444 Am,
498 3381 578 3433 Voss¹
907 3387 958 3436 suit
970 3387 1048 3436 either
1059 3387 1134 3448 word,
1147 3387 1196 3436 and
1208 3387 1250 3437 the
1262 3387 1341 3437 Voss.
1355 3387 1457 3452 reading

352 3461 405 3512 ’A
427 3469 482 3514 text
502 3465 629 3530 generally
646 3467 739 3531 quoted
760 3467 794 3531 by
811 3467 854 3516 the
903 3483 962 3532 may
978 3469 1043 3517 have
1060 3469 1122 3517 been
1141 3485 1157 3518 α
1174 3469 1297 3534 marginal
1318 3475 1377 3518 note
1399 3485 1456 3532 sug·

304 3545 409 3595 Fathers
426 3547 452 3595 in
469 3547 544 3611 procl
562 3548 591 3596 cl
609 3549 652 3597 the
674 3549 785 3598 Desccnt
799 3548 853 3597 into
903 3549 989 3614 gested
1016 3549 1051 3614 by
1072 3551 1188 3600 collation
1215 3552 1276 3601 with
1303 3553 1347 3600 the
1374 3551 1457 3601 Greolr

303 3627 377 3688 Hell;
395 3629 442 3678 but
457 3629 501 3678 the
514 3629 596 3679 words
607 3632 640 3679 τὰ
651 3631 777 3693 κατώτερα
793 3631 855 3693 μέρη
903 3633 965 3678 text.

302 3709 346 3768 τῆς
367 3711 413 3770 ’γῆς
434 3709 579 3759 considered
605 3711 734 3775 critically,
758 3727 800 3759 are
827 3711 854 3758 in
952 3709 1148 3773 ‘Hermiamhs
1168 3713 1197 3762 ol
1210 3714 1253 3762 the
1267 3713 1371 3763 Gnostic
1387 3719 1454 3779 type,

302 3788 403 3838 evident
424 3789 563 3854 appositior
588 3790 649 3839 with
671 3791 742 3839 those
763 3791 789 3838 in
811 3789 854 3838 the
903 3807 964 3856 very
985 3791 1111 3858 generally
1132 3795 1239 3859 adopted
1260 3796 1304 3844 the
1325 3797 1413 3845 notion
1431 3795 1460 3845 of

302 3875 363 3918 next
371 3885 448 3930 verse,
457 3871 565 3932 ὑπεράνω
577 3871 672 3919 πάντων
683 3873 731 3919 τῶν
742 3873 851 3932 οὐρανῶν,
904 3873 1003 3922 ancient
1016 3874 1171 3940 philosophy,
1187 3876 1238 3925 still
1251 3881 1351 3927 current
1365 3894 1458 3942 among

302 3951 346 4000 the
357 3967 404 4000 one
414 3951 504 4015 phrase
520 3951 595 3999 isthe
611 3951 755 4000 correlative
770 3951 799 3999 of
811 3952 854 4000 the
903 3955 946 4003 the
968 3955 1109 4016 Brahmina,
1134 3959 1191 4007 that
1212 3960 1256 4008 the
1277 3960 1345 4026 body
1365 3961 1387 4009 is
1413 3961 1457 4010 the

302 4033 386 4093 othsr;
402 4032 450 4081 tte
461 4031 530 4080 ὶοιοτν
540 4031 616 4092 earth,
629 4031 662 4092 of,
682 4031 859 4095 ιΙιοΙιτοινινορι
904 4036 988 4100 prison
1007 4037 1036 4084 of
1049 4037 1092 4086 the
1109 4039 1171 4099 seul,
1192 4041 1243 4088 and
1264 4042 1321 4090 thet
1337 4041 1387 4090 this
1404 4040 1454 4100 lile,

302 4111 408 4163 Ιιτοοιαα
444 4112 490 4161 See
503 4111 596 4173 &eodo
610 4125 667 4174 343·
903 4118 1003 4166 evcnin
1019 4118 1052 4167 its
1065 4117 1189 4182 brightest
1203 4126 1295 4186 aspect,
1312 4123 1333 4170 is
1352 4137 1367 4170 a
1384 4121 1457 4184 penal

351 4194 416 4246 *ΟΕ
431 4193 524 4256 mede,
536 4207 592 4257 530.
621 4195 672 4243 ΑΒ,
685 4195 758 4244 omits
769 4194 853 4244 Domi·
904 4203 977 4247 state.
1003 4199 1124 4262 Compare
1135 4201 1238 4252 Prelim.
1251 4203 1317 4252 Rem,
1331 4221 1356 4268 p.
1370 4204 1421 4254 xlv.
1435 4217 1456 4252 ι.

302 4291 356 4324 τινα.
953 4281 964 4314 ⁷
992 4283 1093 4344 ἀόρατον
1114 4289 1183 4334 must
1204 4286 1235 4334 be
1260 4287 1373 4351 supplied
1379 4306 1386 4349 ;
1413 4288 1457 4337 the

351 4356 413 4418 *ira
427 4358 508 4407 sothe
520 4358 596 4408 MSS.
626 4359 675 4408 Gs.
689 4357 731 4408 ad.
903 4365 1073 4415 transcriber's
1095 4383 1140 4430 eye
1162 4367 1257 4431 having
1278 4369 1367 4432 passed
1391 4370 1457 4418 from

350 4436 362 4468 ⁸
379 4437 412 4486 So
430 4438 473 4486 the
490 4441 550 4498 Art,
566 4439 630 4489 Vsu.
647 4441 697 4488 and
713 4441 796 4490 Meno.
812 4453 851 4501 ιι,
904 4444 947 4493 the
964 4445 1049 4494 article
1066 4450 1094 4495 to
1112 4447 1156 4495 the
1174 4447 1235 4495 final
1253 4447 1356 4512 syllable
1372 4449 1401 4498 of
1413 4450 1456 4498 the

303 4520 349 4568 but
367 4519 410 4568 the
428 4519 508 4569 Voss.
528 4521 640 4582 flpocon
662 4524 750 4572 τύπους
772 4523 854 4570 would
904 4525 1008 4587 missing
1019 4527 1096 4576 word.
