3276 5086
320 301 388 368 316
611 314 717 368 vana
741 313 911 369 nausea
936 312 1042 366 vuan
1067 311 1176 366 nouo

165 489 302 578 siphra
324 481 469 578 φητικῶς
497 474 599 549 αὐτὸν
623 478 781 566 ἔβλεπον,
806 473 850 548 πό
871 476 999 560 μέλλον
1025 475 1162 546 ἔσεσθαι
1187 471 1228 545 dc'
1249 473 1362 573 ὄφεως
1389 507 1481 576 προ-

166 584 304 670 mlv'l
324 591 532 690 φηπεῦονπες.
582 589 633 661 Εἰ
661 587 715 662 οὖν
740 589 793 661 καὶ
825 594 877 660 νῦν
905 594 1059 666 τοιοῦτος
1092 585 1208 686 ἐφάνη,
1237 589 1282 672 μὴ
1311 584 1355 660 aiu
1388 591 1477 688 ὅπερ

158 703 490 804 *idaim
518 707 710 803 προφητικῆ
745 733 796 779 τις
831 703 983 774 &macla
1015 701 1138 793 γέγονε
1173 710 1245 778 τοῖς
1279 700 1476 801 ἀνθρώποις,

321 816 375 887 καὶ
394 813 510 886 δεῖκαὶ
528 814 635 898 ἄλλην
657 813 849 912 ἐκδέχεσθαι
872 815 1058 914 παρουσίαν
1086 813 1196 898 αὑτοῦ,
1221 814 1255 883 ἐν
1277 814 1297 908 ᾖ
1319 820 1477 891 τοιοῦτος·

323 930 429 1014 ἔσται,
450 925 517 1006 olor
544 933 596 1000 νῦν
613 929 733 1028 ὁρᾶται
750 931 975 1027 προφητικῶς.
1029 923 1269 1020 Ἀπεὸείξαμεν
1291 925 1334 1011 di,
1355 926 1474 998 ὅτιτὸ

323 1041 408 1114 αὖπό
426 1042 510 1127 ἔστι,
530 1038 658 1124 δοκήσει
676 1042 788 1132 λέγειν
807 1040 994 1139 πεφηνέναι,
1012 1039 1065 1109 καὶ
1085 1036 1174 1109 οὐδὲν
1197 1039 1232 1110 ἐκ
1255 1047 1312 1123 τῆς
1335 1039 1474 1139 Μαρίας

323 1155 503 1254 εἶληφὲναι.
554 1151 641 1224 Οὐδὲ
660 1151 729 1252 γὰρ
749 1155 785 1236 ἢν
802 1153 930 1235 ἆληθῶς
952 1148 1061 1252 σάρκα
1078 1151 1132 1222 καὶ
1151 1149 1231 1235 αἷμα
1253 1151 1409 1249 ἐσχηκὼς,
1432 1149 1475 1222 dc'

323 1267 367 1340 ὦν
383 1271 465 1352 ἡμᾶς
483 1263 730 1366 ἕξηγορᾶσατο,
749 1267 777 1338 ei
801 1265 845 1350 μὴ
871 1265 931 1347 την
955 1264 1100 1362 ἀρχαίαν
1124 1261 1252 1335 πλᾶσιν
1275 1271 1338 1336 τοῦ
1357 1262 1472 1348 Ἀδὰμ

324 1383 366 1458 εἷς
389 1378 505 1452 ἑαυτὸν
529 1379 858 1478 ἆνεκεφαλοιώσατο.
903 1373 1058 1448 Μᾶταιοι
1085 1374 1138 1447 οὖν
1161 1380 1195 1448 οἱ
1217 1376 1286 1448 ἀπὸ
1306 1376 1474 1448 Balent-

324 1524 387 1577 νου,
403 1497 509 1564 τοῦτο
527 1489 799 1592 δογματίζοντες,
816 1492 868 1561 ἵνα
887 1486 1055 1577 ἐκβάλωσι
1075 1489 1135 1571 τὴν
1154 1487 1236 1590 ζωὴν
1255 1497 1312 1572 τῆς
1338 1491 1471 1590 σαρκός.

321 1647 355 1706 et
375 1638 484 1726 reliqui
503 1636 663 1724 prophetae
685 1635 865 1723 prophetice
884 1635 1031 1700 videbant
1050 1655 1133 1714 eum,
1157 1634 1207 1700 ¹id
1232 1635 1316 1721 quod
1334 1637 1476 1701 futurum

321 1749 399 1820 erat,
415 1762 470 1828 per
483 1739 633 1805 visionem
647 1739 879 1826 prophetantes.
924 1738 959 1804 Si
977 1737 1073 1825 igitur
1088 1745 1121 1803 et
1135 1760 1218 1804 nunc
1233 1738 1304 1804 talis
1318 1739 1472 1824 apparuit,

321 1865 385 1909 non
405 1843 560 1908 exsistens
583 1843 665 1930 quod
679 1842 851 1921 videbatur,
868 1841 1012 1928 quaedam
1029 1840 1211 1926 prophetica
1229 1841 1306 1906 visio
1326 1843 1410 1906 lacta
1423 1849 1475 1908 est

322 1946 510 2026 hominibus,
522 1954 555 2011 et
569 1953 692 2032 oportet
705 1945 800 2010 alium
815 1953 996 2032 exspectare
1009 1944 1176 2009 adventum
1191 1944 1269 2031 ejus,
1282 1944 1315 2008 in
1329 1966 1391 2030 quo
1400 1944 1474 2009 talis

323 2050 393 2127 erit,
409 2051 508 2137 qualis
522 2071 605 2116 nunc
622 2049 707 2115 visus
724 2055 773 2114 est
794 2048 986 2135 prophetice.
1031 2046 1235 2112 Ostendimus
1253 2055 1369 2127 autem,
1396 2068 1474 2132 quo-

251 2238 256 2246 ·
323 2151 409 2218 niam
434 2153 516 2219 idem
538 2163 596 2233 est,
620 2153 759 2240 putative
785 2153 887 2218 dicere
909 2173 982 2217 eum
1004 2151 1114 2230 usum,
1138 2159 1171 2216 et
1197 2151 1274 2216 nihil
1300 2173 1341 2218 ex
1368 2151 1475 2218 Maria

322 2256 491 2342 accepisse.
536 2257 646 2344 Neque
660 2257 743 2322 enim
763 2263 847 2322 esset
868 2276 938 2320 vere
957 2255 1143 2343 sanguinem
1157 2261 1190 2320 et
1204 2275 1330 2320 carnem
1344 2254 1473 2331 habens,

324 2383 380 2446 per
407 2382 500 2447 quam
523 2382 582 2426 nos
610 2360 753 2438 redemit,
779 2359 840 2424 nisi
869 2359 1030 2445 antiquam
1058 2358 1298 2445 plasmationem
1328 2359 1410 2424 ndae
1439 2359 1475 2424 in

323 2464 524 2548 semetipsum
542 2462 787 2550 recapitulasset.
826 2462 912 2527 Vani
936 2462 1032 2550 igitur
1051 2461 1123 2548 ²qui
1150 2482 1172 2527 a
1195 2461 1366 2527 Valentino
1388 2472 1474 2541 sunt,

323 2566 384 2632 boc
409 2567 667 2654 dogmatisantes,
693 2565 740 2630 uti
765 2565 932 2631 excludant
956 2565 1090 2630 salutem
1113 2564 1225 2644 carnis,
1250 2573 1283 2631 et
1307 2567 1474 2652 reprobent

323 2669 559 2755 plasmationem
581 2668 653 2734 Dei.

388 2774 421 2837 3.
446 2771 530 2835 Vani
540 2778 646 2836 autem
657 2776 689 2836 et
701 2769 855 2848 Ebionaei,
866 2769 1036 2836 unitionem
1047 2770 1107 2836 Dei
1118 2777 1151 2836 et
1163 2769 1298 2836 hominis
1312 2793 1368 2855 per
1379 2771 1473 2835 fidem
1487 2786 1518 2827 ¹¹-
1528 2785 1572 2825 m

323 2895 386 2938 non
401 2873 585 2960 recipientes
606 2871 747 2936 insuam
761 2872 908 2951 animam,
925 2873 980 2938 sed
999 2873 1032 2938 in
1052 2873 1150 2938 veteri
1171 2873 1381 2961 generationis
1402 2894 1472 2959 per·

323 2983 501 3040 severantes
515 2975 687 3048 lennento;
709 2995 811 3060 neque
826 2974 999 3062 intelligere
1013 2975 1163 3053 volentes,
1175 2975 1321 3062 quoniam
1337 2975 1472 3062 Spiritus

228 3120 235 3135 .
323 3085 453 3142 sanctus
472 3075 599 3140 advenit
620 3075 652 3138 in
675 3076 821 3155 Mariam,
837 3086 870 3142 et
884 3079 982 3143 virtus
997 3078 1155 3144 Altissimi
1170 3079 1368 3144 obumbravit
1383 3101 1471 3145 eam:

323 3185 510 3265 quapropter
520 3182 569 3243 ³et
581 3179 664 3263 quod
675 3189 856 3266 generatum
871 3187 930 3258 est,
945 3189 1090 3245 sanctum
1103 3190 1162 3258 est,
1172 3190 1204 3246 et
1219 3181 1302 3246 filius
1316 3181 1474 3246 Altissimi

324 3281 386 3346 Dei
404 3279 510 3345 Patris
521 3281 669 3359 omnium,
680 3281 733 3367 qui
745 3290 891 3368 operatus
904 3290 954 3347 est
967 3281 1213 3348 incarnationem
1227 3284 1305 3370 ejus,
1315 3291 1348 3348 et
1361 3305 1474 3349 novam

324 3382 461 3448 ostendit
485 3383 737 3470 generationem
762 3384 808 3449 uti
828 3385 1089 3471 quemadmodum
1113 3407 1169 3472 per
1187 3386 1321 3470 priorem
1344 3406 1476 3472 genera-

324 3486 441 3552 tionem
463 3494 595 3550 mortem
617 3485 877 3565 haereditavimus,
900 3487 946 3552 sie
972 3508 1027 3572 per
1052 3489 1283 3574 generationem
1306 3489 1387 3553 banc
1411 3487 1475 3552 hae·

324 3589 528 3654 reditaremus
556 3587 662 3654 vitam.
704 3588 905 3675 ⁴Repr0aanr
934 3589 1038 3676 itaque
1067 3590 1100 3653 hi
1130 3590 1384 3655 commixtionem
1411 3589 1475 3654 vini

324 3693 471 3770 eoelestis,
501 3700 533 3757 et
558 3692 625 3756 sola
654 3713 736 3779 aqua
764 3693 930 3758 laecularis
957 3694 1065 3758 volunt
1093 3715 1172 3773 esse,
1201 3715 1265 3758 non
1290 3694 1475 3778 recipientes

324 3797 429 3862 Deum
451 3797 492 3860 ad
515 3795 769 3861 commixtionem
786 3815 893 3860 suam:
926 3805 1158 3880 perseverantes
1179 3805 1284 3862 autem
1307 3799 1397 3861 ineo
1421 3795 1473 3883 qui

323 3899 424 3966 victus
444 3907 495 3964 est
509 3899 626 3977 Adam,
641 3906 674 3962 et
684 3899 841 3985 projectus
856 3905 905 3963 est
919 3899 958 3962 de
973 3899 1125 3984 paradiso,
1141 3921 1204 3965 non
1219 3901 1472 3986 contemplantes,

323 4003 469 4088 quoniam
484 4001 746 4088 quemadmodum
760 4002 801 4066 ab
815 4001 904 4066 initio
918 4001 1133 4088 plasmationis
1147 4011 1262 4068 nostrae
1276 4003 1309 4068 in
1321 4003 1426 4068 Adam
1437 4023 1474 4068 ea

371 4123 382 4156 ¹
399 4126 451 4174 Aa.
464 4123 499 4172 od
509 4122 693 4187 quodsutarur.
925 4125 954 4173 of
969 4125 1067 4186 Tatina,
1087 4141 1112 4189 p.
1129 4139 1182 4187 130,
1198 4139 1220 4185 a,
1233 4141 1297 4175 wera
1312 4125 1474 4188 deropcrc-

372 4203 384 4236 ¹
399 4205 451 4254 Aa.
463 4205 553 4254 inserts
564 4211 592 4254 a.
925 4211 998 4266 νέοιο,
1016 4205 1053 4269 (or
1067 4221 1095 4255 as
1111 4207 1136 4256 S.
1155 4207 1295 4255 Auausmu
1308 4205 1386 4254 called
1398 4207 1473 4266 thena

372 4283 384 4317 ⁸
399 4286 451 4334 Aa.
465 4287 538 4334 omits
549 4293 578 4338 et.
925 4285 1042 4349 Aquarii,
1049 4287 1117 4336 Hoer.
1128 4285 1179 4350 64,)
1190 4288 1362 4351 consecrating
1374 4289 1417 4336 the
1431 4287 1476 4336 elc-

337 4401 338 4406 ,
372 4365 432 4414 ‘In
444 4365 752 4418 allusiontothsmixtum
763 4366 792 4416 of
799 4370 878 4416 water
925 4372 995 4418 ment
1012 4368 1041 4416 ol
1050 4371 1127 4417 water
1145 4367 1230 4430 alone;
1249 4369 1282 4417 cl.
1301 4369 1344 4418 the
1359 4367 1476 4432 juggling

323 4449 385 4499 with
402 4449 445 4498 the
463 4447 526 4514 Oup.
561 4451 614 4500 The
628 4450 765 4511 Ebionitai,
781 4449 876 4501 Erras.
925 4449 1060 4512 impostum
1071 4447 1100 4496 of
1111 4447 1221 4509 Marcus,
1234 4460 1253 4497 1.
1270 4446 1322 4510 116,
1336 4465 1361 4498 n.
1379 4463 1398 4498 r.

324 4531 393 4579 Har.
407 4539 471 4577 xxx.
485 4530 499 4586 ἐ
514 4529 552 4592 16,
564 4531 653 4580 aswell
664 4547 691 4580 aa
703 4531 745 4580 the
756 4530 877 4580 sobonem
973 4531 1051 4580 'Aa
1064 4529 1188 4580 νσαιὶαοα
1198 4530 1388 4580 mlmtcaacaoa
1399 4546 1421 4582 r.
