3276 5086
461 409 793 464 assonanosrours·
811 410 1011 464 ruonarro.
1247 398 1311 462 331

293 572 301 597 l
438 582 450 596 ε
532 571 542 597 ⁸
674 570 682 596 t
804 571 855 602 tv
1006 569 1014 596 ι
1158 573 1167 598 a
1227 573 1235 598 ι

160 567 226 671 ζειν
249 603 302 642 και
332 602 466 669 κρατειν
488 603 542 642 και
562 570 751 673 βασταζειν
773 605 817 645 τα
841 571 923 643 ιδιον
942 581 1095 656 πλασμα,
1114 603 1168 643 και
1189 579 1311 671 φερειν,
1357 581 1448 622 ¹⁴¹³·V·

1377 640 1396 667 v.
1407 630 1423 666 l.

158 684 211 754 καί
230 686 364 768 τιθέναι,
384 686 470 756 ὅπου
487 682 582 756 orirer
601 687 796 772 βούλονται.
849 685 928 756 Ποῦ
948 683 1001 756 οὖν
1026 687 1122 768 ε’τέθη
1142 687 1160 756 ὁ
1179 691 1311 784 πρῶτος
1345 675 1460 804 irlssY'lil

1378 778 1390 804 V

160 795 351 896 ἅνθρωπος;
377 797 410 868 ε’ν
435 799 485 887 τῷ
514 797 705 896 παραδείσῳ
725 796 890 882 δηλονότι,
909 798 1012 876 καθὼς
1034 801 1241 898 γέγραπται·
1256 851 1263 867 .
1280 851 1287 867 .
1302 851 1310 867 .
1326 795 1478 854 ——ssss—

160 907 231 979 Kal
259 911 378 981 ε’κεῖθεν
408 909 591 1003 Ῑέξεβλῆθη
629 913 672 987 είς
704 909 802 982 τόνδε
831 909 891 981 τόν
926 912 1053 993 κόσμον
1087 913 1310 1008 παρακούσας.

161 1020 226 1092 Διό
251 1024 304 1093 καὶ
334 1023 493 1113 λέγουσιν
516 1025 548 1092 οἱ
573 1023 810 1121 πρεσβίκκεροι,
837 1028 903 1094 τῶν
929 1023 1133 1096 ἀποστόλων
1153 1023 1311 1107 μαθηταί,

159 1134 236 1210 τοὺς
252 1137 499 1218 μετατεθέντος
514 1136 617 1206 ἐκεῖσε
635 1139 865 1218 μετατεθῆναι·
891 1134 1024 1214 δικαίοις
1042 1135 1110 1236 γὰρ
1127 1137 1311 1233 ἆνθρόιποις

159 1247 211 1316 καί
233 1249 523 1347 πνευματοφόροις
542 1244 731 1330 ἡτοιμάσθη
750 1250 769 1318 ὁ
789 1245 998 1347 παράδεισος,
1012 1250 1043 1318 ἐν
1063 1250 1089 1339 pl
1105 1249 1157 1321 καί
1173 1248 1312 1324 Παῦλος

161 1359 360 1437 ἆπόστολος
397 1360 618 1442 εἶσκομισθείς
652 1359 786 1442 ἤκουσεν
815 1359 944 1458 όῤῥητα
979 1365 1123 1458 ῥήματα,
1155 1365 1194 1436 ὡς
1226 1359 1311 1458 πρὸς

160 1474 242 1555 ἡμᾶς
278 1473 310 1541 ἐν
349 1475 398 1563 τῷ
434 1474 587 1570 παρόντι,
620 1474 711 1564 κᾴκεῖ
742 1473 847 1556 με’νειν
882 1471 959 1548 τοὺς
984 1476 1227 1557 μετατεθέντας
1255 1474 1311 1548 ἕως

161 1585 356 1668 συντελείας,
375 1583 689 1685 προοιμιαζομένους
709 1585 769 1666 τὴν
788 1585 993 1683 ἀφθαρσίαν.

242 1718 274 1765 2.
325 1696 374 1766 Εἰ
399 1695 434 1767 δέ
450 1727 502 1773 τις
524 1695 683 1768 ἆδόνατον
708 1695 877 1785 ὑπολάβοι
898 1698 1031 1795 χρόνοις
1050 1703 1109 1766 ατε
1132 1698 1310 1774 τοσοότοις

160 1809 329 1891 ὑπομένειν
356 1809 432 1885 τοὺς
458 1809 655 1908 όνθρόπους,
679 1809 733 1880 καί
756 1808 818 1882 τόν
840 1810 967 1880 Ἠλίαν
985 1811 1029 1894 μίν
1049 1811 1208 1910 ἔνσαρκον
1234 1811 1311 1882 ἄνα-

160 1924 337 2018 ληφθῆναι,
370 1919 613 2005 δεδαπανῆσθαι
642 1920 677 1992 δὲ
705 1922 766 2005 τὴν
791 1919 899 2021 σόρκα
928 1923 1028 1994 αὐτοῦ
1056 1925 1089 1992 ἐν
1112 1925 1161 2012 τῷ
1189 1924 1310 2021 πυρίνιρ

160 2031 294 2131 ἅρματι,
324 2031 517 2120 ε’ννοησότω,
548 2036 602 2107 ὅτι
628 2034 757 2111 3Ἰωνᾶς
784 2035 817 2104 ἐν
841 2037 891 2124 τῷ
916 2037 1009 2124 βυθῷ
1034 2035 1153 2133 ῥιφείς,
1225 2040 1311 2111 σῶος

158 2287 248 2328 suum
268 2265 396 2351 plasma,
413 2273 446 2330 et
464 2265 552 2343 serre,
573 2272 606 2328 et
621 2285 734 2350 ponere
749 2263 802 2328 ubi
822 2264 897 2349 ipsae
916 2241 1038 2328 vellent.
1078 2263 1144 2328 Ubi
1156 2287 1231 2350 ergo
1248 2263 1310 2348 pri·

158 2391 227 2434 mus
242 2370 362 2452 positus
380 2378 429 2434 est
444 2368 557 2432 homol
579 2367 698 2432 scilieet
713 2368 745 2430 in
763 2367 915 2452 paradiso,
932 2368 1190 2452 quenadmodum
1207 2367 1310 2452 Serip-

158 2479 229 2535 tura
243 2471 336 2535 dicit:
361 2472 405 2535 Et
415 2471 573 2556 plantavit
587 2470 672 2534 Deae
677 2471 865 2556 paradisum
880 2473 914 2535 ia
933 2471 1022 2534 neon
1036 2481 1140 2534 contre
1155 2469 1308 2547 orientem,
1329 2493 1381 2534 aa.
1390 2495 1439 2534 aa

159 2583 186 2637 et
200 2575 303 2658 posuit
321 2572 365 2636 idi
385 2573 532 2637 dominnm
554 2595 640 2658 quem
655 2573 836 2658 phemnnit.
881 2573 925 2636 Et
945 2573 1016 2636 inde
1036 2572 1191 2657 projeetus
1208 2580 1256 2636 est
1277 2573 1309 2636 in

158 2675 241 2738 hunc
256 2675 415 2752 mundum,
436 2696 498 2739 non
518 2675 673 2740 obediens.
712 2675 906 2760 Quapropter
924 2675 1031 2739 dieunt
1051 2675 1240 2760 Presbyteri,
1256 2674 1309 2759 qui

158 2787 232 2840 sunt
248 2777 472 2862 Apostolorum
488 2777 639 2862 discipuli,
655 2799 709 2842 eos
729 2779 781 2862 qui
806 2776 947 2840 translati
963 2784 1037 2842 sunt
1053 2775 1124 2841 illue
1142 2776 1309 2841 translatos

157 2903 241 2956 esse;
269 2880 376 2965 (justis
391 2881 474 2946 enim
494 2881 671 2945 hominibus
690 2890 723 2946 et
745 2881 894 2966 Spiritum
914 2881 1100 2945 habentibus
1119 2889 1309 2966 praeparatus

157 2993 206 3049 est
227 2983 399 3070 paradisus,
421 2983 453 3046 in
476 3005 569 3068 quem
590 2991 622 3046 et
644 2983 761 3046 Paulus
781 2981 954 3066 Apostolus
979 2985 1171 3070 ⁴asportatus
1193 2983 1310 3048 audivit
1328 2995 1467 3036 ter-¹11*

157 3109 314 3152 sermones
328 3086 557 3165 inenarrabiles,
571 3094 720 3171 quantum
736 3085 777 3150 ad
792 3108 849 3150 nos
860 3085 892 3150 iu
907 3087 1068 3170 praesenti)
1082 3095 1114 3150 et
1129 3085 1171 3151 ibi
1186 3108 1310 3152 manere

157 3211 211 3253 eos
233 3190 285 3274 qui
305 3189 448 3254 translati
469 3197 543 3254 sunt
564 3211 662 3276 usque
683 3189 724 3253 ad
743 3187 1052 3268 consummationem,
1075 3188 1310 3273 eoauspioantes

158 3291 405 3376 incorruptelam.

222 3379 252 3460 2ss
277 3395 311 3459 Si
326 3405 431 3460 autern
440 3395 510 3482 quie
519 3394 708 3480 impossibile
720 3394 857 3459 aestimet
874 3393 971 3458 tantis
983 3393 1174 3480 temporibus
1188 3415 1309 3478 perma-

157 3519 230 3562 nere
252 3497 405 3576 homines,
432 3507 464 3562 et
490 3498 617 3562 Heliam
639 3520 703 3562 non
730 3497 763 3562 in
788 3520 882 3561 earne
904 3505 1088 3574 assumtum,
1113 3506 1309 3561 consumtam

156 3609 262 3666 autem
288 3623 412 3665 earnem
435 3604 503 3688 ejus
525 3602 575 3664 ⁵in
606 3602 697 3687 igneo
728 3622 830 3678 curru,
857 3599 1010 3676 intendat,
1034 3599 1182 3684 quoniam
1205 3599 1307 3664 Jonas
1325 3621 1465 3708 §gs-,¹235-

157 3701 282 3788 quidem
297 3695 333 3764 in
344 3703 530 3787 protundum
545 3704 702 3789 projeetus
717 3711 775 3782 est,
792 3712 824 3768 et
846 3703 878 3766 in
892 3710 1032 3768 ventrem
1050 3702 1112 3766 ceti
1130 3703 1306 3789 absorptus,
1459 3694 1466 3707 ⁸

206 3949 354 4012 Ῑέξιβλήθη
371 3949 403 3998 εἱς
417 3949 485 3998 τόνδε
497 3950 539 3998 τὸν
556 3950 651 4012 κόσμον,
666 3951 707 3999 ie.
756 3949 907 4012 integritatis
936 3949 1085 3999 documenta
1112 3950 1213 4000 luerunt
1235 3953 1310 4000 vesti·

156 4033 220 4080 from
232 4031 350 4079 Paradise
366 4030 420 4078 into
435 4031 478 4078 the
489 4031 565 4079 world
576 4033 636 4080 such
648 4048 676 4080 as
688 4033 708 4080 it
757 4037 842 4080 menta
857 4037 883 4080 et
899 4031 1066 4080 calceamenta
1087 4031 1194 4080 filiorum
1211 4033 1310 4081 Israelis

155 4129 212 4161 now
219 4113 247 4161 is.
279 4111 332 4160 But
340 4113 383 4160 the
394 4111 541 4160 Rabbinical
552 4113 648 4161 eonoeit
658 4113 708 4161 laid
757 4113 873 4162 indetrita
880 4114 1044 4177 qnadraginta
1051 4115 1180 4164 annis...et
1187 4115 1254 4178 quod
1262 4115 1308 4164 Ba-

155 4194 198 4242 the
214 4193 261 4241 site
277 4191 306 4240 of
317 4190 434 4240 Paradiss
451 4191 477 4239 in
493 4191 535 4240 the
551 4191 637 4241 fourth
652 4193 680 4240 ot
693 4209 709 4240 a
757 4194 850 4257 bylonii
862 4195 931 4258 ignes
947 4196 1024 4244 trium
1039 4196 1145 4244 fratrum
1161 4211 1208 4245 neo
1223 4197 1307 4258 tiaras,

155 4279 248 4338 system
260 4273 288 4322 of
296 4289 370 4322 seven
384 4273 478 4334 worlds,
492 4273 557 4322 l'rom
567 4275 667 4323 whence
678 4275 709 4323 he
757 4293 803 4324 neo
811 4277 927 4325 sarabara
935 4277 1064 4338 laeeerunt;
1080 4278 1146 4341 quod
1151 4277 1232 4327 Jonas
1243 4279 1308 4328 inoo·

157 4371 208 4402 was
229 4359 283 4404 east
302 4353 375 4402 down
392 4359 420 4402 to
439 4354 483 4403 the
504 4353 598 4404 lowest,
628 4354 675 4404 See
689 4367 706 4404 1.
757 4358 831 4406 lumie
842 4359 978 4421 exspuitur.
1006 4358 1307 4422 Tnnr.1tes.0‹nmie,58.

160 4447 214 4496 235,
233 4450 252 4484 r.
806 4439 818 4469 ⁴
835 4439 946 4498 Ossan,
963 4439 1053 4500 Voss,
1074 4440 1164 4490 Meno.
1184 4453 1214 4492 ιι,
1237 4457 1309 4504 apor-

204 4516 283 4568 ¹For
294 4535 322 4566 τε
329 4517 354 4580 f
370 4518 387 4568 l.
402 4520 446 4568 ἔτι.
758 4526 829 4570 tatus.
865 4521 916 4568 ΑΒ.
929 4520 1080 4581 adportatas.

206 4597 217 4630 ³
234 4600 371 4664 Corporum
393 4617 409 4650 a
424 4601 602 4653 resurreetione
618 4599 710 4650 futura
808 4599 819 4631 ⁶
835 4601 886 4649 Αα.
900 4601 974 4649 omits
986 4600 1020 4650 ia.
