3270 5080
305 425 371 490 254
691 439 785 492 BlNA
810 439 1062 492 TESTAMENTA

167 607 269 694 mpllv·
305 591 472 659 ¹remansit
485 593 519 658 in
534 591 689 669 Sodomis,
705 592 772 678 jam
787 611 850 656 non
864 613 936 657 caro
951 590 1159 678 corruptibilis
1179 591 1236 656 sed
1250 594 1372 656 ’statua
1386 591 1465 656 salis
1482 623 1512 663 ο,
1523 623 1571 662 aa

148 667 282 788 ᾖξ’-ξφ
304 718 428 782 semper
452 717 592 776 manens,
615 703 649 762 et
677 699 751 782 ³per
776 695 929 759 naturalia
963 715 1002 760 ea
1033 715 1103 779 quae
1128 701 1203 760 sont
1227 694 1465 761 consuetudinis

144 794 291 880 Η
305 799 440 865 hominis
454 798 631 876 ostendens,
647 797 793 884 qnoniam
804 803 837 862 et
852 795 1006 875 Ecclesia,
1022 818 1091 883 quae
1104 805 1153 862 est
1171 797 1218 861 sal
1235 804 1337 876 terrae,
1353 799 1464 862 subre-

142 903 270 945 ¹‘¹²¹·'·¹³
305 902 381 968 licta
403 911 451 968 est
474 901 507 966 in
531 901 664 967 confinio
687 909 789 978 terre,
813 899 936 986 patiens
957 921 1027 986 quae
1050 907 1125 966 sunt
1148 901 1303 966 humana:
1330 909 1363 966 et
1385 901 1463 966 dum

305 1027 390 1092 saepo
411 1005 611 1070 ⁴auferuntur
627 1005 669 1070 ab
688 1025 726 1070 ea
745 1005 885 1068 membra
904 1003 1036 1091 integra,
1058 1013 1234 1090 perseverat
1251 1012 1357 1070 statua
1375 1004 1462 1082 salis,

306 1109 390 1195 qnod
400 1117 448 1174 est
459 1110 689 1174 firmamentum
700 1107 782 1187 fidei,
798 1107 926 1174 firmans
936 1117 968 1174 et
983 1109 1177 1196 praemittens
1189 1109 1269 1174 lilios
1279 1110 1320 1174 ed
1332 1109 1463 1174 Patrem

306 1235 454 1300 ipsorum.

752 1409 853 1476 OAP.
876 1409 1014 1476 XLIX.

309 1562 470 1639 Ostcucio
487 1590 602 1639 ullum
619 1575 651 1638 et
669 1561 823 1644 cundem
843 1589 915 1639 esse
931 1563 1054 1638 Deum
1073 1564 1230 1639 Putrem
1248 1575 1462 1638 nostramet

804 1679 960 1756 ullorum.

374 1848 404 1909 1.
437 1843 645 1908 Hususnoor
667 1865 789 1932 qnoque
809 1845 848 1912 de
863 1845 984 1912 dnobus
999 1845 1211 1912 Testamentis
1225 1845 1344 1910 ⁶senior·
1358 1846 1465 1929 Apos-

306 1948 441 2014 tolorum
465 1947 634 2034 discipulus
661 1949 851 2035 disputabat,
881 1951 922 2015 ab
951 1971 1014 2014 uno
1039 1949 1163 2034 quidem
1192 1957 1225 2015 et
1253 1949 1362 2014 eodem
1391 1947 1463 2012 Deo

307 2059 438 2140 utraque
452 2053 630 2119 ostendens.
675 2053 743 2119 Nec
764 2053 869 2119 ⁶enim
890 2075 959 2120 esse
979 2053 1112 2119 alterum
1134 2053 1238 2118 Deum
1258 2061 1373 2139 praeter
1389 2073 1462 2116 eum

307 2155 359 2242 qui
374 2155 449 2220 lecit
462 2163 494 2221 et
508 2155 672 2242 plasmavit
690 2179 757 2236 nos,
773 2179 831 2223 nec
846 2157 1025 2223 firmitatem
1037 2157 1152 2222 habere
1166 2177 1340 2222 sermonem
1355 2177 1463 2222 eorum

307 2257 360 2345 qni
380 2259 488 2324 dicunt
508 2267 564 2324 aut
585 2281 641 2346 per
666 2260 804 2350 angelos,
825 2268 881 2325 ant
902 2282 958 2348 per
978 2260 1091 2324 ‘aliam
1113 2259 1283 2347 quamlibet
1304 2258 1461 2337 virtutem,

306 2371 362 2428 aut
376 2365 417 2428 ab
430 2363 491 2428 alio
507 2363 576 2429 Deo
591 2365 709 2429 sactum
723 2386 792 2430 esse
811 2363 895 2428 hunc
909 2364 1060 2428 mundum
1075 2363 1128 2449 qui
1145 2371 1194 2428 est
1208 2362 1378 2428 secundum
1393 2383 1462 2426 nos.

308 2465 343 2530 Si
358 2467 442 2531 enim
456 2467 552 2532 semel
567 2467 637 2552 quis
651 2474 901 2533 transmoveatnr
914 2489 935 2532 a
948 2467 1065 2532 faetore
1080 2466 1229 2542 omnium,
1245 2473 1279 2531 et
1295 2464 1463 2530 ⁷concedat

306 2569 476 2659 abaliquo
501 2569 688 2649 altero,ant
714 2592 770 2657 per
798 2569 894 2634 alium
916 2569 1032 2634 lectam
1058 2569 1268 2634 conditionem
1298 2589 1368 2654 quse
1394 2571 1462 2632 ⁸est

306 2671 477 2736 secundnm
488 2693 555 2748 nos,
571 2671 702 2736 multam
716 2671 985 2756 incongruentiam
995 2677 1028 2735 et
1043 2669 1190 2755 plurimas
1202 2669 1464 2735 contradictiones

306 2795 435 2838 necesse
459 2783 508 2838 est
533 2773 650 2838 incidet
675 2773 870 2859 hujusmodi:
904 2773 946 2838 ad
972 2794 1050 2858 quas
1076 2773 1176 2838 nullas
1202 2773 1290 2838 dabit
1314 2773 1461 2851 rationes,

306 2895 406 2960 neque
421 2874 591 2939 secundnm
605 2873 778 2952 verisimile,
795 2895 895 2958 neque
909 2873 1081 2940 secundum
1095 2875 1270 2940 veritatem.
1313 2875 1358 2940 Et
1373 2895 1464 2960 prop·

306 2987 355 3044 ter
374 2979 434 3043 hoc
454 2978 487 3042 hi
509 2979 562 3064 qui
581 2978 659 3044 alias
674 2978 832 3044 doctrinas
850 2979 997 3058 inferunt,
1018 2979 1213 3045 abscondunt
1231 2979 1355 3044 anobis
1369 2999 1465 3066 quam

306 3083 423 3146 habent
442 3081 501 3167 ipsi
521 3083 560 3148 dc
579 3083 649 3147 Deo
670 3083 869 3161 sententiam,
892 3083 1028 3148 scientes
1048 3087 1214 3169 ⁹quassum
1233 3091 1266 3149 et
1283 3083 1372 3149 sutile
1390 3085 1463 3150 doc·

306 3185 398 3250 trinae
411 3205 488 3264 suse,
504 3193 536 3250 et
551 3185 697 3250 timentes
712 3207 752 3250 ne
766 3185 839 3251 vieti
854 3185 965 3252 salvari
981 3185 1202 3272 periclitentur.

358 3348 368 3380 1
385 3349 439 3396 An.
451 3356 605 3398 roruorucacrt.
959 3349 1067 3399 *Smer
1074 3349 1243 3412 Apostolorum
1250 3349 1402 3413 discipulus:
1413 3352 1464 3400 this

357 3427 476 3478 ²Statua
491 3429 549 3478 salis
568 3447 665 3495 semper
682 3447 793 3480 maneos.
819 3431 861 3480 Ito
910 3447 956 3481 can
971 3431 1061 3496 hardly
1078 3432 1109 3480 be
1127 3433 1170 3480 the
1184 3447 1251 3480 name
1261 3433 1383 3496 presbyte·
1397 3449 1464 3482 men·

308 3519 329 3562 et
356 3511 482 3561 omnus
510 3511 580 3563 Roll.
604 3513 633 3562 iu
657 3515 735 3577 Epist.
761 3515 796 3564 od
819 3514 860 3564 Co·
910 3513 995 3563 tioned
1012 3530 1033 3563 c.
1048 3525 1124 3562 xum.
1138 3515 1194 3564 who
1206 3531 1258 3564 was
1272 3516 1332 3580 only
1347 3531 1363 3564 a
1377 3517 1465 3564 lisam

308 3593 383 3644 moll.
409 3601 524 3643 memrot
545 3596 639 3656 στήλην
663 3597 720 3646 ἁλὸς
747 3598 790 3646 ἕως
818 3598 861 3656 τῆς
910 3595 939 3644 ol
958 3595 1028 3644 those
1045 3596 1101 3644 who
1117 3595 1167 3644 had
1184 3597 1260 3646 heard
1276 3599 1319 3647 the
1335 3597 1462 3662 Apostles.

308 3676 397 3738 ἡμέρας
417 3677 514 3736 ταύτης.
559 3677 638 3741 Atque
655 3693 683 3726 ee
696 3677 793 3728 Judoeu
813 3677 860 3727 Jo·
910 3675 1038 3726 Ianusue
1052 3678 1180 3742 mayhore
1192 3695 1265 3728 menn
1280 3679 1464 3729 thereneruble

308 3769 415 3817 sarnus,
430 3758 471 3808 lod.
485 3770 503 3808 1.
516 3758 600 3823 Antip.
614 3775 668 3822 cop.
686 3759 861 3820 12,deeadem
909 3763 1006 3823 martyr
1018 3759 1150 3825 Polycarp,
1160 3761 1250 3826 bishop
1260 3763 1289 3811 of
1305 3761 1418 3828 Smyrna.

309 3839 366 3888 calis
384 3845 469 3889 statua
486 3842 587 3892 aer-ibit:
604 3843 713 3904 ἱστὸρικα
731 3844 758 3892 δὲ
771 3842 861 3902 αὑτήν·
959 3839 1058 3902 ⁰enim,
1072 3841 1157 3904 olium,
1167 3844 1275 3893 inserted
1286 3845 1400 3894 fromthc
1410 3845 1462 3894 AB.

308 3923 344 3971 ἔτι
355 3923 405 3983 ’γὰρ
416 3925 456 3971 καὶ
467 3925 506 3972 νῦν
517 3925 628 3984 διαμένει.
659 3925 761 3974 Gaul.
959 3921 1037 3972 'Aa
1051 3924 1140 3974 inserts
1157 3941 1219 3987 cum,
1233 3927 1339 3992 perhaps
1350 3929 1392 3976 ὅτε
1405 3926 1464 3975 read

357 4007 367 4042 ¹
380 4026 426 4073 per
437 4011 573 4073 naturalia,
584 4013 601 4061 i.
607 4029 627 4062 e.
641 4013 670 4062 δι’
683 4013 858 4076 έμμηγορῤοιας,
908 4003 987 4069 hydr.
997 4005 1037 4053 for
1048 4007 1263 4072 rort,answer·ing
1271 4007 1382 4069 toeeutel,
1394 4025 1462 4056 rore.

308 4091 346 4141 uf.
360 4091 443 4143 Cam.
454 4093 603 4156 desectam
616 4095 682 4144 inter
692 4109 732 4160 op.
744 4093 858 4146 Tannun.
960 4084 971 4118 ⁸
987 4086 1039 4136 AB·
1051 4087 1090 4136 ol·

308 4178 334 4223 ot
345 4174 426 4224 Cura.
958 4167 970 4200 ⁹
985 4169 1039 4218 Tho
1050 4170 1127 4220 MSS.
1140 4171 1212 4220 differ
1222 4172 1279 4220 here
1290 4172 1316 4220 in
1328 4189 1344 4221 a
1354 4173 1463 4221 remark·

308 4269 395 4311 mem„
406 4273 429 4311 Θ,
440 4271 521 4322 vim
533 4272 577 4313 allo
587 4273 632 4322 ,m
645 4283 738 4323 mm,
751 4284 815 4314 „m
910 4250 965 4298 able
983 4249 1079 4314 degree.
1114 4251 1167 4301 The
1184 4253 1288 4318 reading
1302 4253 1416 4303 followed
1429 4254 1464 4319 by

307 4333 423 4374 Mnnlflooe
431 4334 494 4376 sollte
502 4336 629 4386 dnpnngero
637 4338 739 4388 sangmne
747 4349 837 4380 menna
910 4331 1041 4381 Mestum*
1057 4334 1107 4383 and
1124 4335 1201 4384 taken
1218 4336 1282 4385 irum
1302 4337 1345 4386 the
1362 4335 1462 4386 (innati.

358 4421 594 4487 ephmmepoem
605 4441 662 4490 ⁸⁵5⁸
673 4427 862 4494 thatthepfflffi.
910 4414 968 4464 MS.
984 4415 1006 4464 is
1020 4415 1127 4480 adopted
1145 4417 1170 4465 in
1182 4417 1225 4466 the
1240 4421 1310 4480 text;
1327 4418 1462 4467 theVoeS.

309 4503 338 4552 of
350 4503 398 4552 salt
411 4519 461 4552 was
473 4505 675 4559 indestructible:
910 4495 968 4546 MS.
982 4497 1027 4545 hu
1042 4513 1155 4560 cumeum
1166 4507 1187 4548 et
1195 4498 1285 4560 ,decbr
1302 4501 1345 4549 the
1355 4501 1462 4550 Anum

309 4599 366 4647 Qum
375 4601 440 4640 etum
448 4601 467 4641 ῃ
474 4601 523 4650 qula
531 4603 664 4643 mutuam
671 4604 755 4646 advena
763 4605 862 4657 pomum·
909 4578 955 4626 hos
966 4593 1049 4628 cocum
1060 4587 1081 4628 et
1091 4581 1200 4642 ruinam,
1215 4582 1296 4632 which
1308 4583 1329 4632 ia
1339 4584 1383 4632 the
1394 4583 1463 4632 read·

309 4663 410 4704 Protinus
418 4673 444 4704 ex
453 4675 497 4704 sesa
506 4667 605 4714 suggestu
613 4666 703 4708 vulnera
711 4669 810 4737 complet,
857 4697 860 4704 .
909 4659 954 4723 ing
968 4660 1092 4724 preferred
1105 4661 1139 4726 by
1150 4663 1252 4726 sz,
1266 4665 1327 4714 with
1342 4665 1384 4714 the
1395 4665 1463 4714 addi.
