3276 5086
309 388 376 454 368
698 399 765 452 EST
788 397 912 452 Perua
937 397 1082 450 NOSTER

177 577 267 664 iffi-,V-
308 561 373 632 Ἐν
410 569 481 638 τοῖς
516 561 666 659 πρόσθεν
702 557 835 658 χρόνοις
868 559 1009 650 ἐλέγετο
1043 553 1102 640 μὲν
1130 557 1203 627 κατ’
1237 554 1342 626 εἰκόνα
1375 553 1464 624 Θεοῦ

155 671 288 757 ffig'llff'
311 675 483 766 γεγονέναι
513 671 574 745 τδν
598 671 779 771 ἄνθρωπον,
805 672 860 742 οόκ
887 668 1047 741 ἐδείκνυτο
1072 666 1116 739 δέ·
1145 669 1196 739 ἔτι
1222 665 1291 767 γὰρ
1316 668 1462 766 δόρατος

150 765 296 851 E
311 787 348 870 ἦν
369 789 388 857 ὁ
412 783 540 878 Λόγος,
565 785 601 856 οὗ
623 787 699 857 κατ’
721 785 826 856 εἰκόνα
854 785 873 854 ό
900 781 1071 881 ἅνθρωπος
1093 781 1253 874 ἐγεγόνει·
1286 778 1338 850 διὰ
1356 783 1462 850 τοῦτο

144 877 270 1010 Ξγᾞδὲε
312 897 349 982 δὴ
384 898 438 968 καὶ
473 899 533 980 τὴν
567 897 724 981 ὁμοίωσιν
754 895 872 995 ῥᾳδίως
907 896 1089 982 ἀπέβαλεν.
1142 893 1272 964 Ὁπότε
1308 891 1343 963 δὲ
1373 887 1464 989 σὰρξ

144 998 230 1064 Μ’
250 981 292 1012 ron
312 993 447 1104 ἐγένετο
465 1011 484 1080 ὁ
505 1008 626 1102 Λόγος
644 1015 707 1083 τοῦ
722 1010 817 1094 θεοῦ,
836 1005 881 1080 τδ
899 1007 1081 1106 ἀμφότερα
1100 1007 1290 1105 ἐπεκύρωσε·
1320 1004 1373 1074 καὶ
1393 1001 1462 1100 γὰρ

310 1124 365 1195 καὶ
390 1123 450 1206 τὴν
481 1124 587 1194 εἷκόνα
616 1119 734 1216 ἔδειξεν
764 1121 901 1204 ἆληθῶς,
929 1117 1028 1195 αότδς
1051 1124 1157 1190 τοῦτο
1179 1118 1352 1208 γενόμενος
1376 1117 1461 1213 ὅπερ

311 1237 348 1318 ἦν
368 1239 385 1317 ἦ
405 1234 495 1306 εἰκὼν
515 1236 625 1307 αὑτοῦ·
652 1235 705 1306 καὶ
725 1233 785 1317 τὴν
805 1233 963 1316 ὁμοίωσιν
987 1231 1151 1319 ιβεβαίας
1169 1232 1367 1313 κατέστησε,
1387 1259 1462 1299 σνν-

311 1345 512 1442 εξομοιόσας
528 1345 590 1420 τδν
605 1346 778 1446 ἄνθρωπον
796 1353 846 1436 τῷ
864 1341 998 1444 ἆορότῳ
1017 1345 1143 1442 πατρῖ.
1158 1396 1187 1412 ..

311 1485 411 1554 Patri.
456 1486 496 1550 In
516 1485 680 1574 praeteritis
694 1485 794 1549 ²enim
814 1484 1014 1569 temporibus,
1034 1482 1193 1547 dicebatur
1211 1479 1334 1568 quidem
1352 1501 1461 1546 secun-

310 1587 385 1653 dum
399 1587 566 1674 imaginem
581 1588 642 1652 Dei
661 1589 778 1652 factum
798 1609 866 1653 esse
886 1587 1053 1664 hominem,
1072 1607 1135 1651 non
1154 1593 1260 1650 autem
1279 1583 1462 1648 ostendeba-

310 1699 371 1755 tur.
416 1690 531 1756 Adhuc
546 1690 629 1756 enim
644 1690 794 1755 invisibile
811 1697 878 1755 erat
894 1689 1047 1768 Verbum,
1060 1691 1152 1776 eujus
1168 1687 1339 1754 seeundum
1353 1685 1463 1773 imagi·

310 1813 382 1860 nem
402 1792 497 1858 homo
517 1793 636 1859 ⁸factus
657 1793 767 1858 fuerat.
813 1793 948 1880 Propter
968 1791 1028 1857 hoc
1049 1800 1154 1857 autem
1176 1799 1209 1856 et
1229 1789 1463 1858 similitudinem

310 1893 400 1960 facile
413 1895 528 1962 amisit.
573 1896 705 1978 Quando
718 1903 824 1961 autem
844 1918 916 1962 caro
933 1895 1074 1962 Verbum
1089 1893 1151 1960 Dei
1169 1894 1286 1960 factum
1300 1901 1360 1971 est,
1378 1901 1463 1958 utra·

310 2019 370 2084 que
396 1997 606 2064 confirmavit:
638 2006 671 2064 et
699 1997 865 2085 imaginem
891 1997 975 2063 enim
1004 1997 1140 2062 ostendit
1168 2018 1282 2076 veram,
1311 1995 1378 2084 ipse
1403 1995 1464 2061 hoc

310 2101 415 2180 ⁴fiens,
438 2101 606 2188 quoderat
626 2101 729 2190 imago
751 2101 837 2188 ejus3
860 2109 893 2166 et
914 2101 1147 2166 similitudinem
1168 2101 1296 2164 firmans
1316 2099 1462 2180 restituit,

309 2204 500 2270 consimilem
513 2203 631 2270 faciens
645 2203 802 2269 hominem
817 2203 959 2269 invisibili
976 2203 1065 2268 Patri
1079 2225 1135 2290 per
1148 2203 1268 2268 visibile
1283 2203 1436 2269 Verbum.

382 2311 412 2373 2.
452 2307 497 2372 Et
507 2327 570 2374 non
584 2307 685 2373 solum
698 2315 805 2373 autem
818 2329 874 2394 per
887 2329 925 2372 ea
939 2328 1009 2394 quae
1023 2307 1172 2394 praedicta
1184 2313 1270 2386 sunt,
1285 2314 1318 2372 et
1334 2307 1462 2370 Patrem

310 2419 343 2477 et
356 2411 557 2498 semetipsum
571 2411 781 2476 manifestavit
802 2410 967 2490 Dominus,
986 2411 1041 2475 sed
1055 2408 1148 2475 etiam
1164 2431 1219 2495 per
1232 2410 1332 2495 ipsam
1345 2409 1463 2496 passio-

309 2535 392 2580 nem.
429 2513 611 2578 Dissolvens
631 2514 714 2580 enim
738 2535 807 2579 eam
830 2535 899 2600 ques
922 2515 963 2578 ab
985 2513 1074 2578 initio
1096 2513 1128 2576 in
1149 2512 1234 2600 ligno
1254 2514 1339 2579 sacta
1363 2515 1464 2579 luerat

309 2616 444 2682 hominis
458 2615 707 2695 inobedientiam,
719 2615 855 2681 obediero
861 2619 970 2702 factus
984 2626 1027 2683 eat
1035 2638 1125 2704 usque
1138 2617 1184 2681 ad
1195 2627 1328 2694 mrtem,
1341 2625 1465 2682 mortem

309 2730 410 2784 autem
422 2720 531 2798 crucio,
547 2724 633 2784 ⁶eam
644 2741 714 2804 quae
726 2719 758 2784 in
769 2719 852 2806 ligno
861 2720 944 2786 facta
954 2719 1055 2785 tuerat
1066 2719 1316 2797 inobedientiam,
1329 2741 1384 2806 per
1394 2741 1464 2785 eam

309 2844 378 2910 quae
393 2821 426 2886 in
439 2821 524 2908 ligno
538 2821 639 2887 fuerat
653 2822 862 2888 obedientiam
877 2844 1002 2888 sanans.
1042 2823 1115 2889 Non
1129 2833 1235 2888 autem
1250 2845 1305 2910 per
1315 2824 1464 2888 6εεαδειει

309 2926 443 2990 venisset
457 2924 615 2990 exsolvere
629 2947 709 3004 eam,
724 2947 795 3012 quae
810 2926 910 2990 fuerat
929 2948 1004 3013 erge
1023 2925 1243 3014 plasmatorem
1261 2935 1402 2992 nostrum
1417 2925 1462 2989 in-
1476 2954 1503 2993 o.
1513 2957 1558 2994 oa

309 3025 525 3104 obedientiam,
541 3027 567 3092 si
583 3027 714 3092 alterum
729 3028 935 3093 annuntiabat
951 3029 1090 3096 Patrem.
1121 3029 1275 3112 Quoniam
1288 3040 1394 3094 autem
1408 3051 1464 3116 per

309 3129 388 3208 heco,
403 3152 459 3216 per
473 3152 542 3218 quae
557 3151 620 3194 non
635 3131 843 3196 'obedivimus
859 3131 939 3212 Deo,
954 3141 987 3198 et
1001 3155 1063 3198 non
1078 3133 1265 3198 credidimus
1277 3135 1345 3220 ejus
1359 3133 1463 3212 verbo,

310 3253 366 3322 per
387 3231 456 3297 haec
479 3231 588 3300 eadem
610 3233 818 3300 obedientiam
840 3235 1021 3316 introduxit,
1043 3245 1075 3302 et
1101 3259 1171 3302 eam
1192 3258 1262 3324 quae
1283 3245 1367 3302 esset
1389 3257 1465 3324 erga

313 3365 375 3440 ’En
398 3364 458 3452 μὲν
477 3362 546 3464 γὰρ
565 3369 614 3456 τῷ
632 3369 753 3466 πρότῳ
770 3366 884 3452 Ἀδὰμ
905 3371 1180 3468 προσεκόψαμεν,
1200 3373 1245 3456 μὴ
1265 3376 1464 3456 ποιήσαντες

313 3479 414 3554 adro&
439 3479 500 3564 τὴν
524 3480 673 3563 ἐντολήν·
716 3483 749 3552 όν
775 3478 810 3550 δὲ
833 3490 883 3572 τῷ
912 3480 1051 3581 δευτέρῳ
1080 3482 1195 3568 Ἀδὰμ
1223 3484 1465 3568 ἇποκατηλλό-

312 3635 453 3701 Verbum
480 3635 548 3723 ejus
576 3636 798 3716 assensionem,
829 3659 884 3723 per
910 3661 979 3726 quae
1009 3641 1173 3707 manifeste
1202 3641 1303 3728 ipsum
1327 3643 1464 3708 ostendit

311 3739 433 3804 Deum:
458 3760 550 3826 quem
570 3739 603 3802 in
624 3739 724 3826 primo
746 3741 869 3828 quidem
892 3741 998 3808 Adam
1019 3743 1212 3825 offendimus,
1235 3767 1298 3811 non
1315 3747 1464 3812 facientes

359 3876 369 3909 ¹
387 3877 440 3928 Int.
453 3879 566 3941 βεβαιῶν.
914 3880 1061 3931 Bmann:
1081 3882 1175 3932 Contra
1190 3883 1384 3934 inobedientiam
1401 3885 1465 3934 Adae

360 3958 372 3991 ¹
393 3961 465 4022 ανίον,
489 3961 594 4010 omitted
617 3961 643 4008 in
672 3961 715 4010 the
743 3963 860 4022 Annua,
913 3962 987 4012 datur
1003 3963 1049 4012 tibi
1062 3965 1203 4014 obedientia
1220 3965 1321 4016 Christi.
1356 3968 1399 4016 Ad
1420 3967 1465 4032 lig·

310 4059 390 4092 soemo
411 4042 519 4102 natural,
540 4041 591 4092 aud
613 4043 663 4104 γὰρ
687 4043 794 4106 perhaps
816 4043 861 4092 bas
913 4057 975 4090 num
985 4041 1092 4091 vetitum
1106 4047 1179 4092 vetus
1193 4043 1277 4093 Adam
1290 4045 1398 4094 tetendit
1413 4061 1464 4094 ma·

310 4123 372 4172 been
389 4122 514 4172 cancelled
529 4121 662 4186 purpouolp¹
680 4123 705 4170 iu
722 4123 765 4172 the
780 4123 862 4174 Greek
913 4139 961 4172 nna
972 4123 1074 4172 noxias:
1091 4123 1118 4172 iu
1129 4123 1197 4189 ligno
1212 4125 1340 4175 salutifero
1352 4127 1466 4176 innoxias

311 4200 443 4265 fragment
913 4219 1002 4254 manua
1025 4203 1140 4256 Obriatus
1157 4206 1275 4258 extendit.
1309 4207 1384 4258 Sem.
1403 4207 1432 4257 in
1453 4223 1463 4257 r

359 4281 473 4344 ’soctan
482 4283 593 4344 Onnum,
602 4283 693 4344 Voss,
701 4283 748 4332 but
758 4283 862 4334 omitted
913 4285 1005 4350 lapipl.

310 4364 417 4412 Akultn.
962 4365 973 4400 ⁶
990 4369 1054 4417 rard
1064 4369 1109 4428 τὴν
1120 4369 1202 4430 αὑτήν,
1214 4384 1245 4419 ao.
1260 4371 1346 4421 εἰκόνα.

360 4443 452 4506 (γῦπε,
469 4445 563 4494 altered
573 4447 600 4496 in
611 4447 654 4496 tte
666 4446 766 4496 Oblata.
779 4451 806 4494 to
817 4447 861 4510 sc·
962 4447 973 4482 ⁷
990 4449 1099 4512 Onam,
1119 4449 1199 4500 Voss.
1215 4450 1358 4500 audirimus
1370 4449 1464 4502 Deum

311 4524 383 4576 clena
913 4531 957 4580 the
972 4531 1079 4582 Anum
1098 4532 1176 4580 scribe
1194 4532 1341 4597 apparently
1357 4538 1465 4582 correcta

361 4607 482 4657 ‘Graan
505 4613 593 4672 quotes
615 4611 658 4659 tbe
680 4611 760 4662 vvords
782 4611 810 4660 of
833 4613 859 4662 S.
914 4613 1018 4672 himself,
1032 4613 1238 4664 loroisvrritten
1249 4631 1318 4680 upon
1329 4631 1354 4667 o.
