3276 5086
514 383 588 436 sua
605 383 770 436 nunnnr
788 384 981 440 eumerus.
1256 369 1323 440 317

169 541 238 620 quae
253 535 313 600 fuit
332 558 354 600 a
365 536 435 602 Deo
455 536 625 622 adspiratio
640 538 713 602 vitae
727 538 816 603 unita
829 538 974 624 plasmati
989 539 1137 604 animavit
1151 539 1319 618 bominem,
1339 555 1481 642 mppria

168 646 201 701 et
226 637 341 702 animal
367 639 550 705 rationabile
573 641 729 715 ostendit;
759 641 805 706 sic
835 641 866 704 in
892 641 955 705 tine
978 641 1121 706 Verbum
1151 641 1256 706 Patris
1287 649 1485 734 etQ

167 739 303 824 Spiritus
329 742 401 822 Dei,
431 744 579 808 adunitus
604 744 742 830 antiquae
771 744 956 808 substantiae
983 742 1196 830 plasmationis
1226 745 1318 823 Adae,

166 841 320 908 viventem
342 853 375 909 et
399 846 571 930 perfectum
602 846 722 910 ¹effecit
751 845 918 924 hominem,
948 845 1123 932 eapientem
1148 847 1319 931 perfectum

168 942 315 1010 Patrem:
339 955 375 1012 ut
396 949 656 1033 quemadmodum
676 950 708 1012 in
728 948 854 1012 animali
873 970 981 1014 omnes
1004 949 1118 1014 mortui
1139 971 1257 1028 sumus,
1272 950 1319 1016 sio
1333 974 1481 1014 ramnes.

167 1045 197 1108 in
210 1047 340 1131 spiritali
356 1070 464 1115 omnes
477 1050 678 1116 vivificemur.
724 1050 797 1114 Non
812 1050 895 1115 enim
910 1051 1019 1137 effugit
1030 1051 1196 1138 aliquando
1212 1051 1318 1118 Adam

166 1173 276 1216 manus
292 1153 364 1231 Dei,
379 1154 419 1218 ad
434 1175 512 1240 quas
532 1155 629 1219 Pater
643 1154 782 1241 loquens,
798 1153 892 1220 dicit:
916 1155 1087 1220 Faciamus
1108 1155 1254 1220 dominam
1274 1155 1320 1220 ad
1330 1186 1444 1226 oman

166 1254 329 1340 imaginem
351 1266 379 1319 ct
397 1257 631 1322 similitudinem
646 1267 791 1321 nostram.
837 1257 882 1320 Et
897 1265 1025 1342 propter
1042 1257 1101 1323 hoc
1122 1257 1155 1323 in
1174 1258 1236 1322 fine
1254 1279 1317 1322 non

166 1378 205 1422 ex
217 1357 374 1424 voluntate
389 1359 501 1438 carnis,
516 1381 616 1445 neque
631 1382 672 1424 ex
693 1359 853 1424 voluntate
868 1359 934 1437 viri,
950 1359 1006 1424 sed
1025 1381 1065 1424 ex
1080 1359 1194 1446 placito
1210 1360 1317 1426 Patris
1328 1387 1377 1428 roa
1387 1387 1401 1428 ι.
1412 1389 1440 1427 ra

165 1481 275 1524 manus
290 1463 358 1546 ejus
372 1462 472 1527 vivum
487 1461 858 1548 perfecerunthominem,
876 1463 938 1528 ¹uti
954 1463 1010 1529 fiat
1026 1463 1131 1530 Adam
1146 1465 1316 1530 seeundum

165 1561 332 1649 imaginem
346 1573 379 1629 et
393 1564 624 1631 similitudinem
641 1565 712 1630 Dei.

651 1897 754 1965 OAP.
779 1897 827 1964 II.

164 2033 329 2110 Otnstas
354 2061 426 2111 non
450 2035 545 2110 uenit
569 2034 610 2109 in
635 2035 759 2109 aliena
783 2062 866 2109 cam
895 2060 964 2110 saa
991 2059 1056 2107 nos
1078 2033 1206 2131 pratia
1230 2033 1316 2108 viai·

237 2153 348 2238 tacit:
375 2159 422 2245 et,
441 2151 561 2227 Carni
581 2165 709 2226 nostra
727 2153 875 2226 contulit
893 2175 1069 2248 capacem
1086 2177 1157 2225 esse
1174 2151 1313 2241 salatia,

236 2297 362 2344 occant
393 2295 468 2368 pro
501 2267 604 2344 nobis
630 2267 859 2364 Sanguinem
884 2267 1090 2367 fundende,
1121 2293 1316 2364 ceramque

239 2386 400 2459 Carnem
416 2410 523 2458 saara
539 2383 642 2458 nobis
659 2383 700 2456 ia
715 2382 959 2456 Eacbarinia
976 2382 1183 2458 enitendo.

77 2615 83 2625 .
135 2613 139 2622 .
164 2573 192 2632 1.
217 2567 313 2630 vnn
330 2575 435 2630 autern
450 2575 483 2631 et
498 2566 551 2653 qui
566 2566 599 2629 in
612 2565 714 2630 aliena
728 2565 836 2630 dicunt
852 2565 957 2630 Deum
971 2565 1103 2643 venisse,
1118 2564 1203 2629 velut
1214 2563 1316 2629 aliena

164 2668 445 2753 concupiscentem,
472 2669 519 2732 uti
548 2690 619 2732 eum
648 2667 807 2731 hominem
831 2667 885 2753 qui
919 2669 960 2732 ab
983 2667 1082 2732 altero
1105 2668 1208 2732 factus
1233 2677 1317 2734 esset

162 2771 323 2838 exhiberet
337 2769 366 2836 ei
383 2771 462 2849 Deo,
478 2771 530 2858 qui
546 2793 646 2856 neque
660 2771 787 2835 iecisset
801 2793 902 2858 neque
917 2771 1117 2850 condidisset,
1127 2771 1183 2836 scd
1198 2780 1231 2838 et
1245 2771 1316 2858 ²qui

162 2875 320 2940 desolatus
342 2883 425 2939 esset
446 2875 487 2939 ab
508 2874 598 2938 initio
619 2896 640 2938 a
660 2874 785 2959 propria
806 2875 967 2940 hominum
988 2875 1202 2940 fabricatione.
1243 2874 1317 2939 Non

161 3000 236 3064 ergo
254 2978 360 3062 justus
382 2977 534 3041 adventus
555 2978 623 3062 ejus
640 2977 692 3062 qui
713 2977 884 3040 seeundum
903 2997 957 3041 eos
975 2975 1119 3040 ³advenit
1141 2975 1173 3039 in
1194 2974 1314 3050 alienat

160 3103 261 3166 neque
275 3103 345 3146 vere
360 3103 418 3146 nos
433 3079 725 3172 redemit'sanguine
739 3101 806 3157 suo,
822 3079 849 3144 si
865 3101 928 3143 non
943 3101 1015 3145 vere
1029 3079 1123 3143 homo
1139 3077 1242 3144 iactus
1256 3087 1315 3159 est,

159 3191 337 3248 restaurans
359 3203 417 3247 suo
440 3181 585 3268 plasmati
612 3183 696 3269 quod
728 3181 848 3247 dictum
874 3183 978 3248 estin
1007 3182 1172 3268 principio,
1196 3183 1317 3247 iactum

160 3309 229 3352 esse
251 3287 408 3352 hominem
431 3288 602 3351 secundum
625 3285 792 3372 imaginem
818 3294 852 3351 et
875 3285 1109 3350 similitudinem
1140 3285 1222 3360 Dei;
1253 3307 1317 3351 non

159 3391 260 3454 aliana
281 3390 314 3452 in
332 3390 402 3454 dolo
425 3389 582 3474 diripiens,
605 3389 661 3453 sed
683 3409 741 3452 aua
761 3388 886 3474 propria
908 3390 994 3474 juste
1017 3395 1050 3452 et
1073 3386 1207 3474 benigne
1229 3408 1316 3453 assu-

159 3515 264 3558 mens:
285 3501 435 3579 quantum
448 3493 562 3557 attinet
577 3491 703 3578 quidem
718 3492 759 3555 ad
774 3492 974 3576 apostasiam,
986 3492 1072 3577 juste
1086 3512 1144 3554 suo
1162 3489 1316 3576 sanguine

159 3595 314 3660 redimens
329 3616 386 3658 nos
403 3596 444 3660 ab
465 3616 520 3669 ea;
545 3602 695 3680 quantum
710 3601 816 3658 autem
831 3593 871 3657 ad
886 3614 953 3672 nos,
970 3593 1022 3678 qui
1046 3591 1178 3658 redemti
1195 3612 1314 3669 sumus,

160 3693 324 3780 ⁴benigne.
370 3694 455 3757 Nihil
475 3696 558 3759 enim
577 3695 620 3758 illi
638 3702 712 3759 ante
733 3694 885 3771 dedimus,
907 3716 1007 3780 neque
1028 3693 1185 3758 desiderat
1198 3693 1315 3779 aliquid

160 3817 181 3860 a
201 3795 301 3872 nobis,
318 3795 406 3880 quasi
426 3794 589 3882 indigens3
618 3818 676 3860 nos
698 3803 804 3860 autem
825 3795 1001 3883 indigemus
1020 3798 1089 3883 ejus
1108 3815 1179 3882 quae
1202 3803 1252 3859 est
1273 3795 1314 3860 ad

159 3919 232 3964 eum
255 3895 515 3962 ⁵c0mmunionis:
548 3906 581 3961 et
604 3905 767 3986 propterea
789 3897 941 3986 ⁶benigne
961 3898 1070 3964 effudit
1101 3897 1313 3985 semetipsum,

208 4082 317 4144 ¹effecit.
357 4083 408 4132 Aa.
427 4082 500 4145 efficit.
536 4083 587 4132 For
602 4083 639 4131 ati
655 4082 709 4144 fiat,
761 4086 887 4148 ἀλλότρια.
921 4085 966 4134 Cu.
979 4085 1121 4134 andvosa
1133 4082 1203 4134 vertit

160 4165 260 4214 Cannu.
274 4163 386 4226 adnficat.
809 4166 820 4198 ⁴
837 4166 943 4229 beaw,
956 4167 1075 4229 χρηστῶς.

207 4246 218 4278 ³
239 4247 282 4311 qai
311 4246 431 4295 daciane
459 4251 520 4306 met,
556 4247 713 4308 ἀπεστηρήθη
809 4247 888 4298 'Aa
910 4245 1143 4307 communicantia.
1163 4245 1311 4297 anovoss.

160 4330 203 4378 ἀπ’
215 4331 291 4392 ἀρχῆς
302 4332 345 4388 τῆς
357 4329 620 4389 ἱδίιις...δημιουργῐιις.
660 4329 713 4378 The
761 4328 956 4388 communionem,
976 4330 1024 4378 but
1035 4328 1078 4377 the
1090 4327 1172 4378 Greek
1187 4327 1314 4390 evidently

160 4413 259 4460 Cannu.
282 4412 327 4460 has
348 4412 391 4459 the
406 4410 465 4458 wila
485 4409 595 4472 reading,
618 4409 714 4472 attidem
761 4411 819 4470 had,
835 4412 973 4472 χρηζόμεθα
989 4411 1032 4469 τῆς
1048 4411 1080 4459 εἱς
1097 4411 1168 4458 αὐτὸν
1185 4410 1311 4458 κοινωνίαι.

159 4493 193 4541 eol
205 4500 271 4542 aetna
282 4501 343 4552 met,
357 4493 475 4556 omitting
486 4492 516 4540 ad
527 4491 607 4541 initio.
810 4490 821 4523 ⁶
837 4491 935 4553 benigne
951 4489 1042 4552 arada,
1064 4490 1107 4539 the
1123 4490 1223 4539 Casan.
1243 4489 1314 4538 order

208 4573 219 4604 ⁸
235 4575 339 4634 aduenit,
354 4576 461 4624 Annua.
497 4576 622 4634 εἰσήλυθεν
637 4575 669 4623 etr
680 4573 714 4645 ιὰ
761 4573 812 4621 and
823 4587 891 4622 more
902 4571 1008 4622 suitable
1018 4577 1045 4622 to
1056 4571 1099 4621 the
1111 4569 1202 4622 Greek.

260 4683 334 4726 ron.
352 4683 386 4725 rr.
1170 4658 1212 4722 20
