3276 5086
335 393 400 458 326
614 409 681 470 οοι
708 408 846 463 canum
871 409 1216 464 nmuaancmousm

203 579 292 666 Diffi-,ll
337 565 520 666 ἄνθρωπον.
574 569 710 668 Κοέπερ
741 577 860 660 πολλῷ
894 567 1142 670 δυσκολώτερον
1174 571 1227 640 καὶ
1259 569 1497 668 ἀπιστότερον

188 673 270 760 5³1¹}ss
279 674 311 760 δ
337 682 381 764 ἢν,
406 682 439 751 ἐκ
463 682 507 765 μὴ
533 682 635 752 ὄντων
656 683 781 754 ὀστέων
798 713 846 766 τε,
868 683 921 753 καὶ
942 683 1062 782 νεύρων,
1077 683 1193 754 ...Ῐιιαῖ
1214 685 1273 765 τῆς·
1290 686 1414 764 λοιπῆς
1433 689 1495 763 τῆς
1509 705 1594 745 ME

172 767 318 852 --m'—²-
336 791 424 865 κατὰ
458 792 519 864 τάν
554 793 727 893 ἄνθρωπον
760 796 951 879 οἰκονομίας,
984 797 1123 877 ποιῆσαι
1163 798 1205 872 εἷς
1236 794 1279 867 τὸ
1312 795 1400 878 εἶναι,
1436 795 1494 864 καὶ

336 907 496 1004 ἔμψυχον
526 907 577 980 καὶ
605 906 764 999 2λα’γιιιδν
789 905 1052 1006 ἀπεργάσασθαι
1077 907 1189 1008 ’ζ’ὣον,
1221 905 1239 991 ἢ
1262 905 1305 978 τδ
1339 905 1603 998 γεγονδς,ιι.εεε

336 1019 452 1091 ἔπειτα
476 1018 635 1092 ἀναλνθέν
662 1021 703 1098 εἷς
724 1020 785 1102 τὴν
803 1027 872 1112 γῆν,
899 1017 988 1095 αὖθις
1015 1019 1306 1104 ἀποκαταστῆσαι,
1326 1023 1368 1097 εἷς
1386 1022 1492 1089 ἐκεῖνα

338 1135 502 1232 χωρῆσαν,
521 1135 596 1204 ὅθεν
615 1133 675 1216 τῆν
694 1131 800 1232 ἀρχὴν
822 1131 954 1218 μηδέπω
979 1133 1123 1224 γεγονὼς
1152 1135 1299 1226 ἐγεγόνει
1325 1135 1343 1203 ὁ
1366 1131 1494 1230 ἀνθρω-

338 1275 410 1322 πος.
461 1245 505 1315 'O
536 1243 604 1344 γὰρ
628 1244 690 1328 τὴν
715 1245 823 1344 ἀρχὴν
847 1245 902 1316 οὐκ
930 1245 1028 1322 ὄντας
1051 1251 1201 1330 ποιήσας,
1227 1245 1335 1317 ὁπότε
1362 1241 1491 1328 ἤθελεν,

339 1360 459 1448 πολλῷ
491 1361 625 1442 μᾶλλον
655 1358 730 1434 τοὺς
764 1357 822 1441 ἤδη
862 1358 1047 1450 γεγονότας
1085 1355 1173 1435 αὖθις
1210 1361 1491 1439 ἀποκαταστήσει

339 1468 481 1552 θελήσας
506 1473 548 1546 sic
572 1471 633 1553 τὴν
656 1470 705 1540 ἐπ’
730 1472 831 1542 αι’ντοῦ
858 1468 1023 1554 διδομένην
1049 1469 1139 1571 ζωήν.
1191 1470 1421 1568 Εὑρεθῆσεται
1454 1468 1492 1538 δὲ

338 1581 392 1652 καὶ
422 1581 548 1665 δεκτικὴ
575 1579 644 1664 ἅμα
669 1582 722 1652 καὶ
753 1583 917 1680 χωρητικῆ
942 1587 959 1664 ἡ
985 1580 1075 1681 σὰρξ
1099 1591 1158 1666 τῆς
1187 1589 1251 1654 τοῦ
1278 1583 1365 1652 Θεοῦ
1396 1578 1492 1651 dorci-

338 1722 429 1777 μεως·
456 1697 504 1764 'lei
531 1691 599 1792 γὰρ
626 1695 687 1776 τὴν
716 1694 823 1793 ἀρχὴν
855 1691 1044 1787 ἀπεδέξατο
1068 1695 1130 1778 τῆν
1158 1696 1278 1790 τέχνην
1302 1698 1365 1765 τοῦ
1389 1694 1487 1776 θεοῦ,

337 1806 391 1875 καὶ
410 1803 453 1877 τδ
475 1807 534 1889 μέν
552 1837 586 1877 τι
606 1807 740 1897 ἐγένετο
760 1806 939 1905 ὀφθαλμὸς
959 1813 1022 1878 τοῦ
1048 1810 1137 1906 ὁρᾷν,
1166 1806 1209 1878 τδ
1228 1807 1262 1878 δὲ
1279 1805 1332 1882 oric
1351 1808 1488 1889 ἀκούειν,

410 1917 463 1988 καὶ
490 1917 580 1988 ἄλλο
614 1917 730 1990 ἄλλον.
790 1919 838 1988 Τι’
873 1921 963 2018 γάρ;
1007 1921 1061 1989 οὐκ
1092 1922 1184 1991 ἔστιν
1215 1917 1356 2016 α’ριθμδν
1386 1921 1490 1989 εἰπεῖν

338 2027 446 2112 πάσης
478 2039 535 2114 τῆς
563 2029 650 2103 κατὰ
689 2030 750 2104 τδν
782 2030 954 2129 ἄνθρωπον
986 2031 1189 2116 μελοποιΐας,
1222 2029 1290 2114 ἥτις
1324 2031 1379 2101 οὐκ
1413 2029 1490 2101 ἀνευ

337 2143 464 2242 σοφίας
482 2151 610 2226 πολλῆς
628 2145 772 2237 ἐγένετο.
817 2142 873 2214 Τὰ
894 2142 928 2213 δὲ
945 2144 1061 2240 τέχνης
1079 2145 1133 2216 καὶ
1151 2145 1275 2244 σοφίας
1295 2143 1489 2238 μετέχοντα

337 2255 433 2340 θεοῦ,
450 2258 584 2353 μετέχει
605 2257 659 2328 καὶ
679 2260 738 2340 τῆς
756 2251 912 2340 δυνάμεως
931 2257 1042 2328 αὑτοῦ.

335 2411 489 2478 difficilius
518 2419 550 2476 et
574 2411 782 2478 incredibilius
805 2420 864 2490 est,
890 2434 930 2478 cx
959 2433 1023 2476 uon
1051 2412 1271 2477 exsistentibus
1296 2411 1427 2491 ossibus,
1454 2421 1490 2478 et

336 2514 447 2591 nervis,
468 2519 501 2578 ct
514 2514 611 2592 venis,
626 2522 659 2578 et
674 2513 792 2597 reliqua
812 2513 1025 2599 dispositione,
1041 2535 1110 2599 quae
1130 2522 1179 2578 est
1195 2514 1365 2578 secundum
1387 2514 1489 2578 homi-

335 2637 417 2695 nem,
440 2617 542 2682 lacere
562 2619 603 2681 ad
623 2617 683 2682 hoc
704 2623 740 2680 ut
759 2617 810 2695 sit,
834 2623 867 2680 et
888 2616 1013 2701 quidem
1032 2616 1196 2680 animalem
1217 2625 1250 2680 et
1271 2615 1488 2680 rationabilem

335 2719 452 2784 ⁴lacere
467 2718 634 2796 hominem,
651 2739 744 2802 quam
759 2717 842 2804 quod
861 2717 978 2783 factum
993 2725 1051 2795 cst,
1067 2726 1100 2782 et
1115 2718 1225 2783 deinde
1237 2717 1423 2783 *resolutum
1438 2727 1489 2782 est

334 2821 367 2884 in
387 2829 513 2900 terram,
533 2831 659 2907 propter
680 2841 790 2885 causas
812 2843 890 2904 quas
911 2819 1120 2906 praediximus,
1141 2843 1248 2886 rursus
1266 2821 1487 2908 redintegrare,

334 2922 407 2987 licet
422 2923 454 2985 in
469 2923 521 2987 illa
535 2923 673 3000 cesserit,
690 2922 815 2987 undeet
829 2921 918 2986 initio
934 2924 1072 2987 nondum
1086 2924 1196 3001 sactus,
1209 2924 1310 2989 lactus
1322 2925 1487 2990 esthemo.

335 3025 397 3106 Qui
414 3025 498 3088 enim
516 3023 605 3088 initio
625 3046 696 3088 eum
714 3024 766 3110 qui
789 3046 852 3088 non
870 3034 947 3102 erat,
969 3025 1042 3090 lecit
1061 3033 1096 3090 ut
1111 3035 1204 3104 esset,
1223 3027 1347 3113 quando
1370 3027 1484 3091 voluit:

334 3127 431 3192 multo
446 3128 548 3212 magis
561 3132 643 3205 ὅιιοιι,
659 3127 712 3212 qui
728 3129 795 3213 jam
810 3129 944 3205 luemnt,
960 3151 1066 3194 rursus
1085 3130 1228 3194 restituet
1242 3129 1346 3194 volens
1364 3129 1396 3193 in
1415 3151 1487 3194 eam

334 3251 403 3317 quae
425 3231 465 3294 ab
487 3251 524 3294 eo
549 3229 641 3294 datur
661 3230 768 3295 vitam.
807 3229 985 3296 Invenietur
1006 3239 1111 3296 autem
1131 3231 1306 3317 perceptrix
1330 3240 1362 3295 ct
1384 3253 1488 3316 capax

333 3354 406 3398 caro
421 3331 544 3396 virtutis
565 3331 636 3411 Dei,
657 3354 726 3417 quae
741 3333 781 3398 ab
796 3332 885 3398 initio
903 3332 1041 3418 percepit
1058 3341 1157 3398 artem
1174 3333 1251 3406 Dei,
1274 3341 1306 3396 et
1320 3332 1403 3396 aliud
1419 3333 1487 3417 qui·

333 3435 404 3500 dem
419 3436 553 3498 llactum
568 3441 617 3498 est
632 3433 739 3498 oculus
753 3434 869 3510 videns,
892 3434 976 3498 aliud
998 3435 1083 3498 auris
1103 3435 1241 3512 audiens,
1268 3434 1351 3498 aliud
1374 3457 1489 3500 manus

332 3538 461 3625 palpans
482 3545 514 3601 et
532 3559 674 3622 operans,
694 3537 778 3600 aliud
797 3537 882 3601 nervi
903 3536 1039 3620 undique
1058 3521 1226 3614 lcomensi,
1243 3545 1275 3602 et
1290 3539 1488 3603 continentes

332 3643 480 3720 membra,
502 3641 586 3705 alind
605 3639 726 3706 arteriae
741 3649 774 3704 et
794 3661 890 3718 vente,
910 3641 1072 3727 sanguinis
1091 3649 1123 3705 et
1138 3641 1265 3726 spiritns
1286 3643 1485 3718 transitoria,

330 3745 414 3810 aliud
436 3767 507 3812 vero
531 3745 700 3810 ⁸inviscera
721 3743 856 3816 diversam
885 3743 968 3807 aliud
991 3743 1128 3830 sanguis,
1155 3744 1310 3830 copulatio
1324 3744 1438 3809 animm
1454 3753 1488 3808 et

330 3849 478 3934 corporis.
512 3848 593 3928 Quid
608 3847 708 3912 enimi
741 3846 814 3910 Non
829 3853 878 3909 est
893 3867 1055 3911 numerum
1070 3845 1171 3911 dicere
1187 3847 1337 3912 universae
1353 3847 1488 3912 fabrica·

330 3953 433 4029 tionis,
455 3973 524 4038 quae
544 3959 593 4014 est
609 3950 778 4015 secundum
800 3949 938 4013 membra
959 3948 1105 4025 hominis,
1125 3971 1195 4036 quse
1210 3971 1272 4013 non
1287 3950 1382 4014 ⁸alias
1402 3951 1488 4015 lacta

329 4063 378 4119 est
391 4054 463 4119 lsed
477 4075 517 4117 ex
532 4073 646 4139 magna
665 4051 818 4136 sapientia
834 4051 906 4116 Dei.
960 4053 1037 4132 Quae
1053 4058 1159 4116 autem
1180 4051 1396 4138 ¹⁰sapientiam
1415 4075 1487 4138 par-

330 4157 461 4243 ticipant
478 4155 616 4233 Domini,
632 4153 820 4240 participant
834 4162 866 4218 et
881 4153 1027 4219 virtutem
1042 4155 1121 4240 ejus.

377 4289 388 4320 ¹
406 4289 446 4338 και
457 4290 562 4350 φλεβῶν,
575 4287 687 4350 wanting
698 4287 724 4335 in
735 4287 778 4335 ths
790 4286 879 4336 Greek.
981 4283 992 4317 ³
1008 4301 1052 4345 eoo,
1066 4285 1169 4335 omitted
1181 4287 1207 4335 in
1218 4287 1261 4336 the
1273 4287 1372 4336 Onnum.
1386 4303 1459 4352 copy.

377 4366 661 4428 ’onimutrutrbuobita
676 4379 731 4429 317,
744 4367 762 4417 l.
773 4381 794 4416 ο.
981 4365 992 4400 ⁸
1002 4367 1108 4431 sactum,
1128 4369 1182 4428 On,
1203 4369 1265 4430 Aa,
1283 4369 1373 4418 Mane.
1388 4381 1428 4428 ιι,
1448 4385 1485 4420 sc.

377 4448 388 4480 ⁸
400 4449 450 4496 For
458 4451 478 4496 ιι
485 4448 535 4510 γὰρ
542 4449 583 4496 tho
590 4449 789 4498 translatorread
797 4448 820 4508 ἢ,
830 4449 881 4498 and
931 4450 1077 4505 mmmm,-
1093 4449 1127 4499 al.
1134 4449 1225 4512 sactna

327 4529 368 4578 for
378 4530 406 4576 τι
417 4530 460 4586 μιν
471 4547 503 4588 τι,
517 4530 621 4592 perhaps
633 4535 711 4578 wrote
722 4530 848 4592 quiddam.
979 4529 1116 4590 ⁷coutrrret',
1139 4531 1190 4579 Aa.
1212 4531 1385 4591 σνντεινόμινιι,
1406 4533 1483 4592 παι-ιιι,

378 4607 564 4670 *Amfaterct
578 4609 689 4658 ιοιιιιιιοι.
930 4612 1046 4674 meaning
1056 4611 1155 4668 olma:
1171 4611 1202 4660 al.
1215 4612 1338 4673 οοιιιισιιοί,
1351 4613 1488 4678 according
