3260 5082
631 396 840 454 ernanum.
1239 383 1307 450 393

146 548 258 631 yades,
281 550 334 637 qui
354 571 375 616 a
398 551 535 617 Domino
557 551 660 617 dietus
681 559 741 630 est,
767 552 839 638 ¹qui
859 553 962 618 Deam
983 573 1043 618 non
1062 553 1194 632 timebat,
1214 573 1308 639 neque
1349 573 1402 614 mr
1412 575 1439 615 v.

154 648 303 715 laminam
316 651 520 732 reverebatur,
535 654 575 718 ad
595 675 687 742 quem
708 654 788 742 sugit
807 654 900 719 vidua
919 654 1017 720 oblita
1032 655 1104 735 Dei,
1124 655 1229 732 idest,
1244 623 1463 755 oef'⁰r¹irisf'''v

154 773 231 816 rena
251 753 459 833 Hierusalem,
479 755 520 820 ad
539 754 749 822 ulciscendum
769 757 836 822 de
827 757 963 824 mimico.
1002 757 1093 840 Quod
1113 765 1146 822 et
1164 757 1284 822 iaciet'
1275 779 1308 820 ιιι
1325 761 1470 848 ¹¹⁹*-

154 861 295 941 tempore
316 858 403 944 regni
422 857 488 924 sui:
512 859 678 924 transferet
699 882 830 947 regnum
851 860 884 924 in
902 881 982 940 eam,
1005 869 1038 926 et
1057 860 1222 946 intemplo
1245 859 1308 925 Dei

154 958 303 1036 “sedebit
326 961 477 1025 seducens
499 983 553 1026 eos
575 961 628 1047 qui
649 963 780 1027 adorant
800 985 881 1040 eum,
904 962 993 1049 quasi
1004 963 1070 1048 ipse
1092 963 1134 1028 sit
1154 962 1306 1029 Christus.

156 1058 353 1146 Quapropter
366 1063 411 1126 ait
426 1062 539 1128 Daniel
554 1062 682 1127 itemm:
706 1064 751 1128 Et
768 1073 904 1128 sannam
925 1063 1129 1129 desolabitur:
1154 1075 1183 1130 et
1201 1065 1309 1130 datam
1320 1094 1426 1134 nanu.
1436 1095 1465 1134 ιι.

156 1162 246 1225 estin
260 1164 443 1245 aaam'fieiam
450 1175 618 1250 pmeatnm,
634 1175 662 1231 e
673 1165 812 1251 projecta
830 1175 873 1230 eat
886 1166 921 1229 in
935 1175 1019 1230 terra
1031 1166 1167 1282 jaestitia,
1183 1168 1307 1251 etfacit,

155 1272 185 1326 et
191 1285 338 1349 promere
352 1266 447 1330 eeaait.
490 1265 552 1330 ’Et
565 1265 691 1331 Gabriel
698 1266 835 1386 'angelus
849 1266 1052 1331 exsolvens
1024 1289 1092 1352 eJus
1106 1267 1256 1332 visionem
1269 1269 1308 1332 de

155 1366 239 1432 hoe
230 1389 299 1452 ipso
318 1368 457 1434 dicebat:
481 1370 556 1434 El
542 1393 577 1434 en
594 1371 751 1435 merissima
768 1371 855 1456 regni
871 1371 1005 1456 ipsarum
1023 1381 1159 1456 eamraet
1176 1392 1231 1436 rea
1251 1373 1308 1436 im·
1322 1394 1374 1433 orn.
1384 1392 1425 1433 ιιι.
1434 1395 1459 1433 ra

148 1468 362 1556 pralmsaeie
374 1471 474 1550 ealda,
490 1481 518 1536 et
532 1472 700 1557 intelligens
713 1473 897 1558 questiones,
916 1480 944 1537 et
958 1472 1066 1536 aalide
1081 1474 1179 1538 rirtaa
1193 1474 1264 1558 ejaa
1281 1451 1362 1538 ειη

154 1571 378 1652 mamaeam,
403 1583 431 1639 et
456 1577 651 1660 ‘eamnmpet
675 1583 703 1637 a
725 1575 847 1660 dir-ieet,
873 1583 901 1638 et
912 1574 1024 1657 faeiat,
1048 1582 1076 1638 a
1099 1573 1310 1638 exterminabit

145 1674 256 1757 stertas,
273 1684 300 1740 et
306 1675 457 1761 papalum
470 1687 625 1747 ranetam·
642 1685 671 1740 et
681 1676 792 1761 ynamn
807 1676 922 1761 torquis
936 1675 1000 1759 ejas
1017 1675 1206 1761 ⁶diriaetnm
1224 1676 1309 1742 dolas

153 1775 190 1839 in
203 1796 299 1840 mana
317 1776 390 1860 mm,
406 1786 434 1840 et
448 1777 483 1840 in
501 1777 589 1840 eorde
607 1799 659 1840 neo
676 1775 873 1854 multabitur,
892 1785 921 1840 et
940 1774 1007 1840 dola
1022 1775 1177 1862 disperdet
1190 1777 1306 1856 multos,

154 1887 183 1942 et
197 1878 243 1943 ad
247 1879 451 1964 perditionem
466 1879 628 1943 maltarmn
644 1879 743 1958 stabit,
763 1887 791 1943 et
807 1877 950 1965 qnamoda
966 1900 1023 1942 aaa
1041 1900 1136 1944 mana
1150 1883 1305 1945 ⁴eonteret.

153 1980 277 2046 Deinde
292 1990 325 2046 et
339 1990 462 2068 tempus
481 1981 653 2068 tyrannidis
667 1983 735 2068 ejus
752 1981 919 2068 signifieat,
937 1980 970 2044 in
985 2003 1046 2065 quo
1066 1987 1205 2066 tempore
1220 1981 1307 2068 iuga-

153 2084 270 2148 buntur
283 2083 392 2161 saneti,
408 2083 461 2170 qui
476 2106 587 2170 purum
598 2085 785 2150 sacrificium
799 2084 932 2148 offerunt
946 2082 1049 2147 ⁰Deo:
1066 2082 1111 2148 Et
1128 2083 1162 2146 in
1177 2081 1307 2148 dimidio
1320 2113 1373 2152 ιιι.
1379 2113 1408 2152 ιι.
1414 2113 1445 2157 rr.

153 2185 352 2265 mammae,
364 2188 419 2266 ait,
435 2187 556 2253 tolletur
568 2187 754 2268 sacraficium
766 2197 794 2252 et
805 2185 938 2263 '‘libatia,
952 2195 981 2250 et
991 2187 1026 2248 ia
1040 2184 1183 2268 temptam
1195 2183 1306 2248 adomi-

153 2289 238 2352 natia
252 2287 451 2366 desolationis,
466 2299 493 2353 at
508 2311 599 2374 usqae
614 2289 660 2352 ad
675 2287 955 2351 eonmmmatioaem
969 2287 1111 2370 temperie
1125 2305 1318 2356 eonaammaa

154 2389 197 2454 tia
214 2389 340 2454 dabitur
356 2411 447 2476 anper
464 2389 690 2463 desoletionem
714 2387 876 2452 dimidium
895 2393 1002 2450 autem
1022 2385 1224 2450 hebdomadis
1244 2394 1308 2452 tres

154 2501 228 2556 sunt
242 2492 315 2556 anni
330 2499 363 2556 et
377 2513 500 2556 menses
513 2513 580 2556 sex.

222 2597 253 2660 4.
298 2593 350 2656 Ex
366 2593 478 2678 quibus
489 2592 632 2656 omnibus
646 2611 709 2655 non
723 2595 846 2655 tantum
859 2611 929 2675 quae
943 2597 1017 2654 sunt
1031 2589 1195 2676 apostasiae
1210 2589 1308 2654 mani·

154 2694 317 2772 testantur,
339 2701 372 2758 et
390 2715 459 2777 quae
474 2703 547 2756 sunt
561 2693 639 2778 ejua
661 2691 713 2778 qui
728 2692 761 2756 in
775 2712 810 2756 se
829 2691 1050 2778 recapitulatur
1064 2711 1188 2755 omnem
1203 2691 1308 2756 diabo-

154 2796 249 2862 licum
263 2818 414 2870 errorem;
438 2795 493 2860 sed
514 2799 562 2860 ⁸et
577 2795 723 2880 quoniam
740 2817 821 2860 unus
840 2803 873 2860 et
892 2794 975 2858 idem
990 2793 1078 2860 Deus
1096 2794 1204 2873 Pater,
1221 2795 1273 2880 qui
1287 2817 1308 2860 a

153 2899 315 2986 prophetis
336 2897 547 2976 annuntiatus,
570 2919 590 2962 a
613 2897 738 2963 Christo
758 2905 865 2964 autem
887 2897 1116 2962 manifestatus.
1163 2897 1197 2962 Si
1223 2897 1307 2962 enim

154 3024 225 3088 quae
247 3022 268 3066 a
288 2999 420 3065 Daniele
439 2999 624 3084 prophetata
645 3008 719 3064 sunt
743 3000 782 3064 de
803 3001 875 3078 fine,
899 2999 1054 3064 Dominus
1075 3001 1305 3086 comprobavit:
1405 3005 1409 3012 '

157 3105 233 3170 Onm
254 3103 404 3180 rideritis,
427 3101 543 3180 dioenS,
567 3099 819 3166 abominationem
840 3101 1041 3180 desolationis,
1068 3125 1136 3190 qnae
1160 3103 1244 3168 dieta
1266 3112 1308 3169 eat
1319 3149 1380 3188 m
1388 3149 1445 3188 m„

148 3229 210 3294 per
224 3205 389 3270 Danielem
401 3203 600 3290 proplietam
625 3201 749 3268 Danieli
762 3205 874 3268 'autem
889 3203 1018 3291 angelus
1040 3204 1165 3269 Gabriel
1185 3205 1307 3272 exsolu-
1321 3196 1347 3235 ¹⁵·

154 3308 273 3373 tionem
294 3307 445 3372 visionum
467 3305 557 3371 feeit:
582 3305 633 3370 hia
654 3313 760 3370 autem
782 3314 831 3371 est
852 3307 1057 3394 archangelus
1079 3307 1252 3394 Demiurgi,
1274 3317 1308 3374 et

154 3412 205 3478 hie
227 3412 309 3476 idem
333 3409 445 3474 Mariae
467 3407 687 3496 evangelisavit
707 3409 905 3474 manifestum
925 3411 1092 3475 adventum
1113 3420 1146 3476 et
1167 3411 1306 3477 incarne·
1321 3451 1470 3502 mm,

154 3513 272 3578 tionem
287 3511 424 3585 Christi3
444 3531 525 3574 unus
538 3519 570 3574 et
586 3509 667 3573 idem
684 3509 772 3574 Deus
785 3510 1037 3576 manifestissime
1055 3513 1237 3590 ostenditur,
1253 3513 1306 3598 qui

153 3615 322 3701 prophetas
336 3612 432 3691 misit,
448 3619 480 3676 et
493 3611 610 3677 Filium
624 3615 637 3654 ⁹
642 3612 802 3697 praemisit,
818 3619 851 3677 et
866 3633 924 3676 nos
935 3613 1055 3679 vocavit
1070 3613 1102 3677 in
1116 3615 1306 3702 agnitionem

154 3738 254 3782 suam.

204 3934 215 3968 1
231 3935 284 3984 The
296 3934 396 3983 Carsu.
411 3933 514 3998 reading
528 3934 668 3998 isadopted
680 3935 706 3984 in
756 3935 884 4000 dirigetur,
897 3951 952 3985 eum
964 3935 1160 4000 manualem
1181 3940 1221 3988 rat
1238 3940 1307 4000 tamti

155 4017 205 4066 lian
216 4017 245 4065 ol
255 4017 298 4065 the
310 4015 361 4064 Aa.
374 4013 498 4078 quoniam.
755 4017 800 4064 τοῦ
811 4017 892 4065 elaad
903 4019 983 4076 αὐτοῦ,
990 4017 1114 4080 jmraitur.
1149 4019 1253 4070 Gema

201 4095 215 4128 ¹
231 4097 286 4157 Cn,
298 4097 361 4154 Aa„
374 4095 464 4154 Voss,
483 4094 571 4144 Mune.
585 4107 615 4144 11.
633 4095 703 4156 reda,
805 4096 817 4130 θ
832 4099 894 4159 Aa,
908 4100 955 4148 but
964 4101 1018 4160 cn,
1033 4100 1113 4150 Voss.
1127 4099 1240 4152 Dmntm.

154 4193 182 4227 as
194 4177 282 4226 Mass.
294 4191 352 4241 says
363 4191 396 4224 an
407 4174 527 4238 imgular
546 4175 638 4237 future,
656 4176 706 4226 and
805 4178 817 4212 ⁷
832 4179 885 4229 Aa.
906 4181 998 4231 aratio.
1032 4197 1054 4242 r,
1080 4197 1108 4230 aa
1125 4182 1205 4242 muel,
1230 4183 1305 4230 inter·

154 4259 255 4324 ut391.
289 4258 342 4306 Aa.
356 4257 431 4306 omits
444 4261 471 4304 et.
756 4260 1011 4323 changeablawitha.
1038 4261 1305 4322 0n.,Aa.,Mrau.n.

203 4339 215 4373 ⁸
231 4339 283 4390 For
295 4340 430 4400 θαυμαστὰ,
443 4337 502 4387 Iar.
516 4339 650 4398 θαυμαστή.
756 4340 788 4390 al.
801 4339 830 4388 in
840 4341 932 4404 mapa.

203 4422 216 4454 ⁴
231 4422 283 4472 Aa.
296 4420 436 4484 mnumpit,
450 4417 546 4482 dirigit,
561 4417 665 4468 emm.
805 4419 817 4452 ⁸
832 4423 884 4470 Aa.
896 4423 974 4470 atam.

203 4505 265 4554 lIn
276 4505 341 4556 eum.
350 4507 399 4554 τῶν
408 4505 432 4554 a'.
443 4503 548 4557 aerium.
560 4501 703 4562 narratura,
805 4499 851 4551 ’ἱ
864 4501 881 4551 l.
896 4500 1017 4565 prumam
