3260 5082
488 423 698 478 APOSTASIA
722 422 944 478 SPIRITALIS.
1223 408 1290 474 391

137 575 308 652 homicida;
331 595 420 664 qnosr
410 574 528 654 latro,
548 574 734 642 diabolicam
750 574 970 661 apostasiam
960 595 993 638 m
1016 593 1051 639 se
1065 573 1289 660 recapitulans:
1330 597 1385 684 nmv
1397 599 1422 640 v

138 685 172 744 ct
193 678 277 744 idola
298 679 424 766 quidem
445 699 607 766 seponens,
630 679 671 743 nd
693 677 887 744 suadendum
908 678 1023 764 qnod
1014 698 1081 762 rpse
1107 677 1164 742 ¹sit
1186 677 1289 752 Dens;
1304 647 1446 776 offigit
1409 739 1437 780 v

138 784 191 846 ¹sc
205 790 311 847 autem
326 781 478 848 extollens
492 802 588 846 unum
602 781 728 858 idolum,
743 780 886 845 habens
877 803 910 844 m
924 780 1092 867 semetipso
1106 780 1381 867 reliquornm¹¹
1337 785 1414 824 ¹¹⁸¹

137 883 289 950 idolorum
310 885 428 950 varium
449 905 598 949 errorem:
622 891 658 948 ut
680 883 713 946 hi
737 883 790 970 qui
815 887 886 969 ¹per
907 884 1022 948 multas
1045 884 1293 950 abominationes

31 1007 58 1046 a.
72 1007 120 1047 an.
138 989 270 1052 adorant
289 987 455 1065 diabolum,
474 987 507 1052 hi
527 1010 582 1072 per
597 987 657 1052 hoc
675 1008 772 1051 unum
791 986 908 1052 idolum
927 987 1063 1052 serviant
1081 987 1150 1072 ipsi,
1171 985 1210 1052 de
1229 1007 1291 1071 quo

138 1089 343 1174 Apostolus
335 1112 367 1154 rn
390 1089 531 1174 epistola,
547 1112 616 1176 quae
637 1097 686 1154 est
707 1089 748 1154 ad
768 1089 1060 1156 Thessalonicenses
1083 1089 1270 1168 secunde,
1244 1111 1291 1154 src

137 1191 202 1256 ait:
229 1191 377 1270 Quoniam
400 1193 462 1257 nbi
486 1193 602 1257 amarit
627 1190 768 1257 abscessio
784 1215 935 1278 pmmnm,
964 1201 992 1258 at
1017 1193 1167 1258 recolatur
1183 1191 1447 1305 faeritrraasns,

136 1292 219 1358 darno
234 1296 366 1379 peccati,
376 1295 432 1376 fil
419 1318 467 1360 am
477 1295 670 1381 perditionis,
686 1317 741 1381 qna
735 1296 936 1360 'adamsatnr
953 1305 981 1361 at
1003 1296 1161 1361 rabiliter
1183 1266 1319 1381 mamm

136 1417 221 1460 omma
234 1398 316 1482 qnod
336 1397 453 1462 dicitnr
466 1397 561 1475 Deae,
576 1407 631 1462 ant
646 1397 776 1462 colitur:
799 1399 846 1462 ita
869 1407 904 1462 nt
925 1399 960 1462 in
977 1397 1084 1484 templo
1098 1398 1161 1462 Dei
1178 1397 1290 1476 sedeat,

136 1499 289 1564 ostenderas
301 1502 488 1586 aematipsrm
503 1511 649 1586 tanquam
662 1500 704 1566 sit
717 1501 812 1566 Dens.
858 1499 1051 1564 Manifesta
1043 1500 1138 1586 igitur
1153 1499 1292 1586 Aposto-

136 1600 187 1665 lus
201 1602 338 1667 ostendit
359 1601 565 1686 ³apostosiam
587 1603 666 1688 ejus,
690 1609 723 1667 et
746 1600 892 1687 quoniam
907 1601 1065 1666 extollitur
1086 1623 1179 1686 super
1200 1623 1292 1666 omne

138 1703 221 1788 quod
245 1704 359 1770 dicitur
382 1705 480 1784 Deus,
500 1703 566 1770 ⁴vel
590 1704 673 1788 quod
696 1703 817 1782 colitur,
838 1703 898 1768 hoc
921 1710 970 1767 est
993 1723 1086 1788 super
1109 1724 1201 1768 omne
1223 1702 1291 1768 ido-

137 1805 214 1885 lum,
235 1807 268 1872 hi
292 1807 375 1873 enim
397 1814 471 1874 sunt
492 1807 544 1894 qui
566 1795 712 1872 dicuntur
734 1807 859 1892 quidem
878 1807 919 1872 cb
936 1805 1123 1884 homiuibus
1139 1827 1202 1871 non
1216 1811 1291 1872 sunt

140 1913 265 1976 ⁵antem
285 1909 339 1988 dii,
354 1917 387 1975 et
401 1911 548 1997 quoniam
563 1909 630 1994 ipse
644 1930 679 1976 se
693 1909 857 1996 tyrannico
880 1913 983 1974 6more
1003 1909 1168 1974 conabitur
1186 1917 1291 1975 osten·

146 2011 219 2076 dere
230 2011 346 2078 Deum.

202 2117 235 2180 2.
272 2113 373 2200 Super
400 2113 470 2180 haec
492 2120 598 2180 autem
627 2113 838 2178 manifestavit
866 2120 900 2178 et
924 2111 1009 2189 illud,
1040 2111 1124 2198 quod
1151 2133 1172 2177 a
1200 2112 1290 2178 nobis

136 2217 308 2302 permulta
325 2224 485 2282 ostensum
506 2224 565 2294 est,
582 2217 729 2303 quoniam
745 2215 795 2278 ⁰in
812 2214 1038 2300 Hierosolymis
1057 2215 1209 2299 templum
1226 2215 1290 2279 dis-

136 2319 290 2406 positione
304 2319 369 2384 vcri
390 2319 451 2384 Dei
470 2320 587 2384 lectum
599 2325 657 2384 est.
698 2317 772 2403 Ipse
789 2317 873 2382 enim
890 2317 1064 2401 Apostolus
1086 2338 1126 2382 ex
1147 2339 1205 2382 sua
1222 2339 1290 2402 per·

136 2444 214 2488 sona
230 2421 391 2486 diffinitive
412 2421 563 2504 templum
583 2419 661 2484 illud
680 2419 761 2484 dixit
781 2419 854 2484 Dei.
899 2418 1101 2484 Ostendimus
1115 2425 1223 2483 antem
1240 2423 1290 2484 let

137 2524 170 2588 in
185 2523 278 2588 tertio
292 2521 380 2600 libro,
390 2521 508 2586 nudum
522 2523 563 2586 ab
575 2521 738 2607 Apostolis
749 2543 789 2585 ex
801 2542 859 2585 sua
872 2541 1005 2606 persona
1016 2520 1120 2586 Deum
1131 2520 1289 2606 appellari,

136 2624 198 2688 nisi
215 2645 288 2690 cum
307 2622 360 2708 qui
379 2644 451 2688 vere
471 2622 514 2686 sit
533 2622 632 2701 Deus,
660 2623 790 2688 Patrem
809 2622 938 2686 Domini
957 2623 1073 2686 nostri:
1098 2621 1187 2706 cujus
1198 2623 1290 2708 jussu

137 2725 197 2790 hoc
217 2725 300 2812 quod
314 2733 363 2790 est
382 2725 416 2788 in
431 2723 658 2810 Hierosolymis
672 2724 790 2790 factum
809 2731 857 2790 est
879 2725 1039 2810 templum,
1058 2727 1098 2791 ob
1113 2747 1167 2792 eas
1181 2748 1291 2793 causas

138 2850 208 2915 quae
222 2850 242 2893 a
256 2827 346 2892 nobis
356 2827 449 2892 dictae
462 2834 554 2891 sunt:
572 2827 604 2890 in
614 2848 674 2914 quo
685 2827 878 2892 adversarius
890 2827 1020 2906 sedebit,
1036 2835 1162 2894 tentans
1176 2837 1290 2896 semet·

137 2930 241 3016 ipsum
264 2930 423 2996 Christum
446 2929 620 3006 ostendere,
640 2929 739 2994 ⁷sicut
760 2936 793 2994 et
815 2929 970 2995 Dominus
996 2929 1059 2994 ait.
1093 2931 1169 2996 Gom
1189 2941 1290 2996 antam
1303 2948 1439 3044 &ii-17¹„

136 3033 279 3100 amomis
300 3030 548 3098 abominationem
569 3030 771 3110 iactationis,
786 3054 855 3118 qnae
878 3033 963 3096 mora
984 3041 1024 3097 ert
1040 3045 1103 3118 par
1126 3025 1332 3100 Danielem
1415 3083 1416 3088 ι
1442 3021 1448 3035 ’

136 3136 333 3222 Proplaam,
356 3143 482 3200 stantem
507 3136 543 3200 in
563 3134 624 3200 loro
646 3144 759 3214 sancto,
784 3137 840 3222 qni
862 3135 935 3221 lapit
957 3135 1120 3222 intellipat,
1144 3145 1215 3201 mm
1238 3139 1291 3224 qai

135 3239 172 3303 in
184 3238 301 3304 Jndcea
314 3246 393 3314 anat,
400 3237 533 3323 sapiant
546 3237 581 3302 in
595 3245 720 3302 martes:
744 3245 773 3302 ot
786 3237 886 3322 quiin
900 3246 973 3302 tacto
987 3246 1039 3316 ost,
1057 3258 1117 3302 non
1131 3239 1291 3304 dmaandat

136 3339 238 3406 tollere
252 3341 414 3427 qnisquam
429 3339 467 3404 a'o
481 3340 575 3404 mmo.
613 3339 689 3403 Em
708 3340 789 3403 anim
806 3349 876 3404 tnnc
886 3361 1035 3426 presanra
1052 3363 1174 3427 mapnn,
1191 3343 1291 3428 qualia

135 3463 195 3508 non
217 3451 259 3508 cat
270 3443 364 3526 facta
381 3440 420 3506 ab
441 3441 532 3506 initio
551 3440 645 3505 secali
665 3463 756 3528 noque
777 3463 868 3520 nnnc,
886 3441 941 3506 aad
960 3463 1054 3528 naqao
1067 3444 1138 3525 fiat.
1177 3443 1291 3509 Daniel

135 3553 240 3610 autem
258 3544 417 3610 novissimi
432 3545 519 3632 regni
539 3545 635 3609 finem
652 3545 831 3631 respiciens,
850 3545 883 3610 id
901 3552 960 3624 est,
980 3545 1164 3610 novissimos
1182 3545 1290 3611 decem

135 3667 236 3734 reges,
259 3645 292 3709 in
313 3667 391 3731 quos
413 3646 576 3711 ⁸dividitur
596 3669 727 3734 regnum
747 3646 878 3724 illorum,
900 3669 994 3732 anper
1015 3667 1093 3732 quos
1117 3647 1199 3712 filins
1221 3669 1290 3732 per-

136 3747 262 3812 ditionis
276 3747 390 3824 veniet,
405 3769 520 3811 cornua
534 3747 611 3812 dicit
626 3749 733 3814 decem
747 3748 834 3813 nasci
849 3748 974 3824 bestiam
998 3756 1031 3812 ct
1045 3747 1178 3813 alterum
1192 3771 1289 3814 cornu

134 3848 279 3936 pusillum
296 3847 383 3914 nasci
401 3847 433 3911 in
448 3849 549 3914 medio
566 3849 712 3934 ipsorum,
731 3857 763 3916 et
783 3850 844 3915 tria
862 3872 978 3916 cornua
997 3851 1037 3916 dc
1053 3852 1205 3936 prioribus
1222 3873 1289 3917 era·

135 3953 231 4018 dicari
252 3974 273 4018 a
291 3952 371 4017 facie
388 3951 466 4038 ejus.
503 3953 547 4016 m
566 3974 639 4033 caca,
662 3955 773 4040 inquit,
793 3955 882 4036 oran,
902 3956 992 4042 mmai
1007 3955 1088 4022 omn
1108 3955 1236 4022 bominis
1254 3957 1288 4022 in
1299 3977 1428 4068 ΜΗ,

183 4165 318 4217 ¹rit...ar.
361 4164 462 4215 Onam.
481 4163 615 4226 camai,
638 4164 688 4214 and
786 4164 1261 4230 ‘Aanmqontmtimmpermm

135 4249 209 4299 omits
222 4263 277 4312 per.
787 4247 859 4298 ὅθι.
872 4249 946 4298 omits
957 4255 1043 4298 amm.

182 4329 194 4362 ¹
209 4346 282 4394 reaper
297 4344 366 4378 cmm
381 4329 482 4378 ismors
492 4327 599 4377 anitablc
608 4332 635 4377 to
646 4327 690 4378 tho
788 4327 799 4361 ⁶
815 4329 867 4380 Aa.
880 4329 970 4390 nmmo,
984 4327 1035 4378 and
1047 4327 1121 4376 omits
1133 4327 1169 4376 in.

136 4444 222 4508 syrim
243 4407 369 4490 bbnbh
397 4444 458 4494 ,hm
480 4449 508 4494 ω
532 4445 576 4494 ,he
596 4444 687 4506 Greek,
739 4490 767 4539 V
788 4409 837 4460 lat
854 4410 962 4460 inserted
978 4411 1012 4474 by
1031 4409 1147 4459 Samarra
1164 4409 1228 4458 from
1247 4411 1290 4459 the

137 4526 177 4574 ἐπὶ
188 4526 276 4586 πάντα,
289 4526 335 4574 but
346 4541 387 4574 see
397 4541 422 4589 p.
438 4541 477 4589 24,
494 4537 516 4588 7.
767 4503 821 4541 ⁰⁸⁸·
846 4491 890 4542 0¹¹·
903 4491 954 4540 *nd
964 4492 1015 4540 AB·
1028 4506 1109 4555 “8¹0⁹-
1129 4491 1173 4540 ΟΒ·
1185 4490 1227 4540 iul
1238 4497 1273 4540 ιι4·

185 4605 197 4639 .
213 4609 264 4656 A,
280 4607 417 4658 mmm·
789 4572 871 4633 eon,
884 4573 961 4634 vm,
974 4573 1026 4623 vo.
1044 4573 1206 4638 tanmem
1220 4573 1272 4622 aa.
