3270 5080
286 279 353 344 250
764 287 954 344 AEGYPTUS

146 469 251 558 rqqrp'.
287 450 501 523 aramentum,
525 465 598 510 cum
620 441 819 530 inscriptione
843 450 876 509 et
898 440 1033 529 imagine
1051 437 1195 518 Ooesaris,
1216 437 1358 504 insonis
1381 435 1453 502 suis

124 563 276 650 ‹iffi-ppp-
290 547 435 626 ferentes,
447 547 533 633 juste
546 568 582 612 se
596 547 699 612 lacere
713 545 831 612 dicunt.

128 659 277 743 -Ἦ-
356 655 388 718 3.
419 649 454 716 si
468 657 574 715 autem
592 658 625 714 et
639 647 829 734 comparatio
842 647 899 712 liat
913 651 1038 713 ¹nostra
1054 655 1087 713 et
1107 647 1240 724 illorum,
1261 643 1315 730 qui
1330 641 1453 731 justius
1469 646 1563 687 Μ

289 755 482 841 apparebunt
497 751 676 838 accepisset
699 761 845 816 utrumne
866 751 997 836 populus
1018 750 1059 815 ab
1080 747 1258 836 AEgyptiis‚
1279 746 1332 832 qui
1357 749 1453 810 erant

289 881 346 944 per
360 857 466 923 omnia
480 857 646 934 debitores,
662 877 703 920 an
718 877 776 920 nos
793 877 814 919 a
834 854 987 920 Romanis
1009 861 1042 919 et
1056 853 1182 939 reliquis
1196 851 1354 940 gentibus,
1374 855 1409 913 et
1431 869 1452 911 a

290 963 403 1050 quibus
424 960 501 1024 nihil
520 960 583 1025 tale
605 959 695 1024 nobis
715 959 885 1024 debeatur?
929 958 993 1022 Sed
1015 965 1048 1024 ct
1070 957 1205 1022 mundus
1223 975 1332 1040 pacem
1352 953 1453 1017 hebet

289 1087 346 1151 per
360 1085 425 1142 ece,
439 1067 490 1128 ²et
503 1084 562 1128 nos
576 1061 643 1127 sine
661 1061 773 1127 timore
787 1061 820 1126 iu
834 1061 893 1126 viis
908 1061 1105 1126 ambulamus
1123 1067 1156 1124 et
1173 1058 1357 1144 navigamus
1372 1077 1449 1140 quo·

290 1187 413 1254 cunque
427 1165 623 1230 voluerimus.
667 1163 828 1230 Adversus
848 1163 943 1250 igitur
956 1163 1132 1248 hujusmodi
1152 1169 1245 1246 aptus
1266 1161 1326 1224 erit
1345 1180 1453 1223 sermo

127 1297 261 1338 uersata
291 1269 440 1336 Dominis
470 1268 655 1354 Hypccritm
672 1268 790 1344 dicens,
813 1268 909 1332 aeirroe
921 1268 1026 1354 priato
1044 1265 1160 1332 tradem
1179 1266 1217 1330 dc
1237 1263 1319 1328 orob
1339 1272 1401 1340 tuo,
1423 1270 1453 1326 et

291 1383 363 1440 tuno
384 1371 567 1458 ⁸perapicics
593 1371 723 1454 auferre
737 1373 890 1455 festucam
913 1371 950 1436 de
971 1370 1054 1436 oculo
1070 1369 1192 1456 fratria
1217 1371 1275 1434 toi.
1320 1365 1453 1432 Etenim

291 1475 320 1540 si
345 1475 373 1540 is
397 1473 450 1561 qui
470 1473 527 1538 tibi
554 1473 622 1539 haec
642 1473 786 1560 imputat,
807 1482 840 1539 et
857 1475 1008 1562 gloriatur
1025 1474 1058 1538 in
1081 1495 1139 1538 sua
1161 1473 1302 1550 scientia,
1322 1492 1453 1555 separa·

292 1585 345 1644 tus
367 1585 417 1644 est
440 1599 461 1643 a
480 1576 644 1664 gentilium
665 1585 760 1656 coetu,
784 1586 817 1643 et
831 1579 908 1644 nihil
922 1587 971 1644 est
992 1578 1162 1644 alienorum
1184 1576 1268 1662 apud
1289 1597 1371 1654 euna,
1393 1574 1453 1639 sed

293 1687 346 1747 ⁴et
359 1681 541 1767 simpliciter
554 1680 665 1760 nudus,
681 1689 715 1746 et
728 1682 820 1746 nudis
834 1682 974 1767 pedibus,
994 1689 1027 1748 et
1041 1682 1109 1746 sine
1127 1683 1220 1746 domo
1238 1680 1272 1744 in
1291 1679 1453 1743 montibus

294 1791 505 1863 conversatur,
528 1784 788 1871 quemadmodum
808 1785 933 1870 aliquod
954 1807 994 1850 ex
1015 1784 1065 1849 his
1084 1783 1269 1849 animalibus
1290 1803 1361 1867 quae
1380 1781 1453 1846 her.

293 1887 343 1954 bis
362 1895 538 1966 vescuntur,
558 1887 681 1954 veniam
702 1888 880 1966 merebitur,
905 1889 975 1954 ideo
996 1888 1079 1975 quod
1099 1887 1222 1974 ignoret
1244 1885 1454 1952 necessitates

293 1997 409 2058 nostrae
429 1992 685 2058 conversationis.
732 1992 767 2058 Si
791 2000 898 2058 autem
921 1993 961 2058 ab
982 1991 1182 2056 5hominibus
1207 2013 1278 2078 qnae
1303 1989 1455 2054 dicuutur

293 2093 395 2160 aliena
412 2116 481 2160 esse
502 2095 714 2181 participatur,
735 2103 769 2160 et
788 2095 894 2182 arguit
914 2103 1023 2182 typum
1045 2117 1163 2174 eorum,
1185 2093 1389 2178 semetipsum
1404 2089 1454 2156 in·

292 2195 501 2282 justissimrun
527 2196 673 2274 ostendit,
702 2204 886 2284 retorquens
911 2198 944 2262 in
968 2219 1004 2262 se
1028 2196 1181 2284 ejusmodi
1207 2194 1453 2260 accusationem.

297 2299 476 2365 Invenietur
498 2299 583 2367 enim
604 2300 706 2366 aliena
729 2300 958 2380 circumferens,
985 2309 1018 2366 et
1040 2322 1079 2365 ea
1101 2321 1171 2386 quae
1191 2299 1259 2384 ejus
1280 2319 1342 2362 non
1364 2305 1453 2376 sunt,

133 2427 235 2470 usam
245 2429 283 2476 aa
295 2403 537 2490 concupiscens;
561 2412 595 2470 et
609 2412 735 2491 propter
748 2404 808 2470 boc
823 2405 939 2470 dixisse
954 2405 1145 2470 Dominum:
1179 2402 1284 2467 Nolito
1291 2401 1453 2486 judicare,

295 2529 332 2572 aa
338 2507 542 2592 judicemini:
565 2509 600 2572 in
613 2530 671 2594 quo
687 2509 767 2573 onim
773 2507 1092 2594 judiciojodicabitrb‚
1101 2506 1297 2591 judicabitur
1310 2507 1349 2570 cic
1359 2503 1453 2572 colb.

297 2609 370 2675 Non
391 2609 500 2694 utique
519 2618 556 2675 nt
573 2617 740 2696 peccantes
759 2632 822 2676 non
843 2611 1053 2698 corripiamus,
1076 2632 1135 2676 uec
1155 2619 1190 2676 ut
1209 2611 1260 2674 his
1278 2629 1350 2696 quae
1370 2609 1454 2674 mula

295 2713 375 2778 fiunt
397 2713 647 2788 consentiamus;
672 2711 729 2778 sed
748 2720 784 2778 ut
804 2713 865 2778 Dei
887 2714 1105 2801 dispositiones
1126 2736 1191 2779 non
1207 2714 1384 2800 judicemus
1405 2713 1455 2776 in·

292 2815 389 2901 juste,
410 2836 481 2880 curn
496 2815 547 2881 ille
562 2815 667 2880 omnia
682 2815 768 2901 juste
786 2816 946 2901 profutura
963 2817 1162 2904 lproviderit.
1199 2817 1354 2899 Quoniam
1368 2816 1455 2882 enim

296 2917 416 2983 sciebat
430 2939 487 2983 nos
502 2919 541 2984 de
556 2926 663 2984 nostra
677 2919 862 2996 substantia,
883 2942 976 3006 quarn
991 2921 1032 2986 ab
1046 2920 1107 2985 alio
1121 2921 1309 3008 accipientes
1324 2920 1455 2986 babere·

134 3043 184 3083 aue.
194 3041 222 3084 ur.
232 3043 260 3081 u.
296 3041 377 3098 mus,
393 3021 472 3086 bene
486 3029 624 3096 acturos,
644 3021 705 3100 Qui
719 3023 800 3087 onim
812 3020 908 3101 tabet
929 3023 1038 3108 inquit,
1055 3023 1134 3088 duae
1147 3026 1275 3102 maiam,
1292 3025 1342 3088 dat
1357 3023 1385 3087 ai
1399 3025 1456 3110 qui

134 3151 254 3190 raam.
297 3145 357 3188 aaa
370 3122 477 3188 deda:
502 3122 818 3210 aquileiensem,
836 3126 1102 3211 similitarfaciat.
1147 3127 1201 3206 Et,
1217 3127 1454 3210 declivitatem,

133 3198 257 3294 litim
298 3232 327 3288 ct
340 3225 465 3290 dedistis
480 3225 556 3290 milti
570 3227 777 3293 mondexare:
800 3237 829 3293 et
842 3229 1016 3314 andefrei,
1031 3239 1060 3294 ct
1074 3232 1199 3296 amieo
1212 3253 1268 3296 ma
1302 3231 1356 3312 Et,
1375 3235 1455 3299 Oum

298 3327 396 3412 ⁷sa0ia
409 3327 629 3414 eleemoynam,
650 3353 710 3396 acre
727 3333 805 3397 aciat
821 3333 946 3396 dabira
964 3343 1018 3398 too
1032 3331 1111 3419 quid
1119 3335 1229 3419 faciat
1247 3337 1356 3401 dentre
1373 3347 1452 3413 tuor

297 3437 330 3494 et
350 3429 469 3516 reliqua
488 3453 681 3518 quaecunque
698 3435 927 3500 benefacientes
943 3431 1160 3522 justificamur,
1183 3437 1267 3503 velut
1287 3439 1326 3505 de
1342 3439 1455 3508 alienis

296 3540 405 3597 nostra
418 3533 624 3600 redimentes:
649 3535 688 3601 de
707 3535 816 3603 alienis
837 3546 944 3602 autem
963 3537 1008 3602 ita
1026 3538 1105 3616 dico,
1129 3561 1192 3606 non
1211 3541 1299 3628 quasi
1318 3544 1456 3610 mundus

296 3631 418 3700 alienus
436 3636 478 3700 sit
494 3658 515 3700 a
530 3637 610 3716 Deo,
631 3637 847 3725 sedquoniam
867 3639 1044 3724 hujusmodi
1064 3641 1206 3709 dationes
1223 3647 1265 3710 ab
1284 3645 1354 3710 aliis
1373 3647 1456 3711 acci·

297 3734 418 3821 pientes
432 3737 593 3818 habemus,
615 3739 757 3804 similiter
771 3740 855 3804 velut
869 3739 913 3803 illi
931 3741 971 3805 ab
986 3743 1151 3828 AEgyptiis
1166 3746 1218 3832 qui
1237 3769 1299 3810 uon
1313 3747 1454 3815 sciebant

298 3838 413 3920 Deum,
437 3850 470 3906 et
489 3863 546 3926 per
564 3841 632 3907 haec
654 3842 722 3928 ipsa
742 3841 891 3930 erigimus
912 3843 946 3906 in
966 3845 1198 3934 nobismetipsis
1219 3851 1455 3917 tabernaculum

299 3941 378 4008 Dei:
407 3967 479 4012 curn
500 3947 579 4011 bene
601 3945 685 4011 enim
706 3945 891 4011 facientibus
912 3945 1034 4013 habitat
1056 3947 1163 4026 Deus;
1193 3953 1455 4037 quemadmodum

346 4133 356 4166 ¹
373 4135 391 4185 f.
400 4135 417 4185 l.
431 4135 512 4186 nostri
950 4137 962 4170 ⁴
978 4146 1016 4198 est,
1031 4139 1455 4206 cr.,va·r.,Mrss.‚ur1ra.‚buc

346 4211 358 4244 ¹
371 4230 417 4276 per
431 4230 474 4275 eoa,
490 4223 512 4264 ct
526 4231 569 4264 aas
583 4216 687 4266 omitted
703 4215 728 4264 in
740 4217 783 4265 tbe
796 4216 849 4266 AB.
902 4219 961 4278 Aa„
976 4221 1072 4282 Gaas,
1085 4226 1132 4272 etc.
1145 4231 1173 4273 et.

297 4309 325 4344 as
342 4310 385 4343 noa
401 4296 427 4344 in
437 4296 481 4344 tbe
493 4296 546 4356 On,
558 4313 604 4359 per
614 4313 651 4346 coe
665 4297 692 4346 in
703 4298 745 4346 the
756 4297 847 4358 Voss,
950 4299 961 4332 ³
977 4302 1029 4352 Aa.
1041 4302 1159 4354 motta.
1303 4337 1306 4342 -

297 4373 347 4423 and
358 4383 379 4424 et
389 4391 432 4426 cor
442 4377 468 4424 in
479 4378 523 4426 the
535 4378 597 4427 Gon.
611 4377 676 4426 Van.
691 4377 720 4425 of
728 4377 849 4428 Faunae.
949 4379 960 4412 ⁶
977 4381 994 4431 f.
1007 4383 1023 4430 l.
1037 4382 1130 4442 auderit,
1145 4385 1188 4436 Oa
1203 4388 1299 4438 mou.

347 4453 358 4487 ⁸
374 4457 425 4505 As.
435 4458 563 4520 perspicia.
949 4460 959 4494 7
976 4463 1076 4512 Canuti.
1085 4463 1182 4526 facilit.
