3270 5080
330 391 397 456 258
540 403 731 457 JUDIClUM
758 403 800 454 IN
828 402 1100 456 Guosrrcosuu
1127 403 1275 458 GREGES

183 579 237 619 nm
246 579 285 620 ιν.
324 582 396 626 earo
416 581 480 624 non
494 569 587 638 esset,
603 560 659 626 sed
675 564 764 625 ¹oum
782 566 906 646 pareret
920 558 1009 645 quasi
1028 559 1130 633 horno,
1145 559 1311 624 crucifixus
1326 564 1384 635 est,
1399 563 1432 621 et
1446 561 1481 622 ὀ

159 627 309 760 ffllgl'pvlt·
322 665 419 730 latere
433 666 501 751 ejus
516 672 632 750 puncto
646 664 776 752 sanguis
790 663 867 728 exiit
881 669 913 726 et
928 665 1026 750 aquai
1061 663 1150 745 Quod
1166 671 1273 728 autem
1286 667 1415 747 ³oorpus
1429 684 1481 727 se-
1496 681 1532 721 u.
1543 684 1593 726 err.

161 767 259 852 „¹¹¹¹l·
268 769 287 806 ²
323 767 476 855 pelierunt
491 767 685 852 sepultores?
708 765 829 852 etquid
845 765 920 830 illud
935 775 1002 832 erat
1017 767 1099 853 quod
1114 765 1248 832 surrexit
1262 789 1283 831 a
1296 767 1449 830 mortuis!
1631 763 1632 768 ’

157 879 301 920 'em-³²
388 875 420 938 2.
464 869 629 936 Judioahit
655 877 761 934 autem
784 878 817 934 et
846 891 901 933 eos
930 869 983 954 qui
1011 879 1085 936 sunt
1111 892 1131 934 a
1156 869 1328 937 Valentino
1357 893 1478 950 omnes,

323 975 415 1059 ⁴quia
428 973 536 1060 lingua
554 972 680 1058 quidem
700 971 887 1037 confitentur
906 993 1003 1036 unum
1024 971 1127 1036 Deum
1151 971 1291 1050 Patrem,
1310 981 1343 1037 et
1356 994 1396 1037 ex
1417 973 1479 1038 hoe

323 1080 442 1155 omnia;
462 1078 565 1162 ipsum
583 1085 689 1142 antem
708 1075 761 1161 qui
776 1075 870 1141 ⁶leoit
889 1075 1003 1152 omnia,
1022 1075 1205 1140 desectionis
1223 1075 1288 1140 sive
1303 1075 1382 1140 labis
1395 1076 1480 1140 fruo-

322 1191 389 1250 tum
405 1202 474 1246 esse
490 1179 613 1244 dieunt:
633 1187 666 1244 et
680 1201 776 1244 unum
793 1177 964 1243 Dominum
979 1178 1003 1242 J
1004 1200 1092 1244 esum
1108 1177 1268 1244 Christum
1283 1177 1399 1242 Filium
1415 1178 1480 1246 Dei

322 1284 464 1350 similiter
492 1281 600 1368 lingua
620 1282 814 1360 confitenteS,
844 1281 1000 1367 propriam
1026 1280 1152 1367 quidem
1184 1279 1381 1346 emissionem
1406 1303 1479 1346 sen-

321 1387 422 1454 tentia
436 1406 494 1450 sua
510 1383 685 1470 Unigenito
703 1383 866 1462 donantes,
887 1384 1043 1469 propriam
1062 1405 1134 1448 vero
1148 1381 1284 1460 lVerbo,
1300 1391 1332 1448 et
1346 1383 1478 1450 alteram

323 1490 457 1568 Christo,
472 1488 602 1552 alteram
617 1509 689 1552 vero
705 1486 873 1562 Salvatori;
890 1487 934 1552 iu
949 1495 985 1553 nt
998 1488 1169 1553 seeundum
1183 1509 1238 1552 eos
1252 1487 1395 1554 dieantur
1409 1487 1477 1574 qui-

321 1593 393 1658 dem
408 1591 513 1656 omnia
529 1611 598 1654 esse
613 1589 702 1675 quasi
722 1611 828 1669 unum,
849 1611 1100 1678 unumquemque
1114 1597 1220 1655 autem
1235 1591 1373 1676 ipsorum
1387 1611 1477 1676 sepa-

321 1695 415 1762 rstim
433 1693 575 1781 intelligi,
597 1701 630 1758 et
652 1693 809 1780 propriam
828 1692 943 1759 habere
962 1694 1172 1774 emissionem,
1194 1695 1364 1760 seeundum
1385 1716 1476 1760 susm

322 1797 587 1886 conjugationem.

386 1903 417 1966 3.
461 1898 622 1986 ⁷Linguas
644 1898 749 1987 itaque
770 1920 878 1964 eorum
899 1899 1043 1966 videlieet
1066 1899 1149 1965 solae
1175 1899 1208 1964 in
1234 1899 1387 1964 unitatem
1409 1922 1474 1966 ees-
1489 1935 1577 1978 m

320 2005 415 2080 sisse3
449 2003 637 2069 sententiam
664 2024 737 2068 vero
763 2025 870 2068 eorum
899 2011 932 2069 et
961 2025 1089 2068 sensnm
1121 2025 1190 2088 quse
1220 2003 1373 2089 profunda
1400 2012 1475 2068 sunt

319 2106 451 2174 semtari
466 2107 660 2172 decidentem
680 2107 720 2171 ab
735 2106 866 2185 unitate,
887 2106 1040 2172 ⁸inoidere
1055 2107 1088 2170 in
1108 2106 1295 2172 multiforme
1313 2106 1375 2173 Dei
1391 2108 1475 2195 jndi-

319 2209 413 2288 eium,
429 2230 501 2274 oum
515 2209 554 2273 de
569 2208 619 2274 his
633 2229 703 2296 quae
717 2208 901 2293 sibimetipsi
917 2207 1151 2287 adinvenerunt,
1168 2208 1440 2296 interrogabuntur
1454 2232 1475 2275 s

320 2311 460 2378 Christo:
484 2333 576 2396 quem
591 2319 624 2375 et
636 2319 746 2396 postea
760 2319 869 2376 natum
885 2333 979 2396 quam
992 2311 1138 2376 Pleroma
1152 2311 1297 2376 AEonurn
1309 2313 1426 2392 dieunt,
1441 2323 1475 2379 et

318 2413 518 2480 emissionem
540 2413 608 2498 ejus
629 2421 701 2500 post
722 2412 959 2478 diminutionem
979 2413 1044 2478 sive
1066 2413 1281 2492 delectionem,
1298 2421 1331 2479 et
1349 2424 1475 2502 propter

318 2513 578 2599 compassionem
593 2533 663 2599 quse
679 2512 763 2576 lacta
782 2521 832 2576 est
846 2512 880 2576 in
896 2511 1022 2598 Sophia,
1037 2513 1241 2599 lsemetipsos
1255 2513 1475 2582 obstetricatos

318 2639 387 2682 esse
401 2617 568 2681 affirmant.
605 2615 779 2680 Aoeussbit
796 2623 902 2679 autem
924 2636 978 2680 eos
999 2614 1159 2680 Homerus
1176 2615 1318 2701 proprius
1335 2615 1474 2701 ipsorum

316 2721 478 2807 propheta,
497 2741 518 2784 a
532 2741 593 2806 quo
612 2719 725 2784 eruditi
745 2717 821 2782 talia
835 2719 1028 2796 invenerunt,
1049 2718 1117 2804 ipso
1132 2719 1254 2784 dioente
1269 2719 1350 2785 haeo:
1376 2721 1474 2784 10Ιιιὶ-

316 2825 412 2889 miros
429 2833 470 2888 est
484 2824 563 2888 enim
584 2823 636 2886 illo
652 2821 727 2886 mitt
746 2821 888 2886 similiter
905 2831 996 2908 atque
1008 2822 1097 2906 soree
1115 2825 1365 2910 inferorumque?
1383 2824 1476 2891 aliud

316 2927 438 3015 quidem
460 2925 615 2990 abscondit
638 2927 672 2989 iu
695 2924 785 2990 eorde
806 2947 869 3004 eoo,
893 2925 985 2990 aliod
1008 2935 1109 2989 autem
1129 2937 1268 2992 enarrat.
1310 2927 1334 2991 J
1336 2927 1473 2993 udioabit

315 3039 422 3094 autem
437 3037 470 3094 et
484 3027 661 3114 vaniloquia
682 3049 847 3114 pravorum
872 3027 1102 3108 Gnosticorum,
1119 3029 1255 3096 Simonis
1278 3053 1332 3096 eos
1348 3031 1473 3119 ”Magi

316 3131 486 3217 discipulos
500 3132 678 3196 ostendens.

365 3304 375 3337 ¹
392 3305 411 3355 f.
420 3305 436 3356 l.
449 3311 601 3368 compareret,
612 3305 646 3355 of.
655 3304 713 3354 Iud.
726 3303 855 3354 hainaut.
970 3303 981 3337 ⁰
994 3305 1472 3372 αὐτούςμαιωσαμένουεδιαβεβαωῦνται.

365 3385 377 3418 ¹
392 3403 404 3436 e
415 3387 520 3436 omitted
530 3387 558 3436 in
567 3387 610 3436 the
622 3387 721 3436 Gonu.
735 3403 806 3452 oopy,
819 3386 870 3436 eud
921 3385 959 3436 of.
973 3397 991 3434 1.
1001 3401 1054 3446 111,
1062 3387 1105 3436 the
1115 3387 1270 3437 well-known
1278 3387 1388 3440 Soeretio
1398 3396 1472 3444 torm.

315 3469 358 3518 the
377 3469 482 3532 original
499 3467 609 3534 possibly
625 3485 679 3530 ren,
698 3471 739 3520 rol
758 3470 870 3532 ννγεὶσης
946 3481 967 3514 1⁰
976 3482 1064 3535 Ἐχθρὸς
1071 3483 1364 3536 pentetecosten„
1373 3489 1466 3541 πύλῃσιν

315 3553 389 3600 αὑτοῦ
405 3552 448 3610 τῆς
465 3553 577 3614 πλευρᾶς.
916 3549 1472 3607 '05x'tnpovptmttotvtopwtv,dunelmo.

363 3631 374 3665 ¹
390 3633 442 3684 As.
455 3633 527 3682 alone
539 3635 612 3683 omits
623 3649 718 3697 empus.
907 3667 909 3674 ›
1285 3623 1320 3673 Il·
1333 3624 1367 3674 1¹·
1383 3638 1438 3686 3¹²·

362 3711 490 3763 ⁴0nssrr.
503 3713 600 3776 quidem
614 3715 674 3777 quta
687 3714 781 3778 tinore,
796 3731 865 3764 over·
968 3717 1065 3768 Homer
1088 3735 1139 3768 was
1166 3721 1210 3770 the
1237 3721 1298 3785 high
1326 3721 1473 3772 traditionsl

313 3793 417 3860 looklng
427 3796 470 3844 the
482 3795 603 3858 epodoer'e.
918 3799 1048 3864 authority
1060 3804 1087 3848 to
1098 3801 1180 3849 whieh
1191 3801 1340 3868 philosophy
1358 3804 1472 3854 continu·

361 3877 440 3928 ⁶As.
448 3877 542 3941 feeerit.
577 3878 616 3928 Ol.
630 3891 648 3929 1.
665 3876 718 3940 163.
734 3893 755 3932 r.
918 3875 968 3940 slly
984 3877 1120 3942 eppealed3
1140 3879 1225 3941 henos,
1245 3881 1344 3945 though
1361 3897 1395 3931 on
1412 3897 1473 3946 very

360 3957 372 3991 ⁶
394 3959 467 4010 Verbo
478 3961 582 4010 omitted
594 3961 620 4010 in
633 3962 677 4010 the
688 3961 741 4010 AR.
917 3957 1031 4009 different
1042 3961 1160 4025 grounds,
1177 3963 1297 4012 “Homer
1308 3981 1359 4013 was
1371 3970 1398 4013 to
1409 3965 1472 4013 enti·

360 4039 371 4074 ⁷
388 4040 486 4105 lioprtne
496 4041 584 4106 doque,
598 4043 650 4103 loo,
670 4043 749 4090 αὐτῶν
765 4042 806 4090 οὖν
822 4043 866 4092 τὰς
917 4040 998 4105 quity,
1012 4047 1058 4091 not
1076 4047 1103 4091 et
1119 4043 1152 4091 all
1167 4045 1254 4094 unlilre
1264 4045 1333 4095 what
1343 4047 1386 4096 the
1398 4045 1471 4094 Bible

311 4123 426 4184 γλώττας
443 4125 554 4183 δηλονότι
568 4123 641 4182 μόνας
659 4125 691 4172 etr
709 4122 812 4182 ἑνότητα
829 4140 866 4171 κε·
916 4121 937 4170 is
952 4127 978 4172 to
994 4123 1049 4173 us.”
1083 4123 1197 4188 Boram,
1212 4126 1247 4176 Η.
1260 4126 1309 4176 Ple.
1323 4139 1341 4176 1.
1355 4127 1468 4176 Leotiv.

312 4205 453 4266 χωρηκέναι,
479 4206 525 4264 τὴν
552 4205 578 4253 δὲ
602 4205 700 4265 ’γνώμην
722 4203 800 4251 αὐτῶν
825 4203 866 4252 rol
916 4221 941 4269 p.
956 4219 1009 4270 294.

311 4285 399 4346 νόησιν,
413 4287 448 4344 τῷ
459 4287 537 4344 §meir
552 4287 584 4334 τὰ
603 4286 677 4348 βάθη,
695 4284 735 4346 ἀφ’
755 4284 865 4344 hirmos
965 4285 986 4318 ¹¹
1004 4287 1080 4337 Seer.
1095 4301 1150 4354 219,
1164 4303 1187 4352 3.
1217 4289 1285 4339 Both
1299 4291 1341 4339 the
1356 4289 1400 4339 01..
1419 4288 1471 4339 end

313 4365 504 4422 revereretur,
518 4363 618 4424 φθάσαι,
633 4359 717 4422 seh..
731 4362 813 4412 where
821 4363 864 4412 the
915 4365 1023 4418 Anuttn.
1047 4369 1127 4433 oopies
1144 4369 1184 4418 l'or
1205 4371 1279 4434 Mopi
1301 4371 1360 4420 resd
1381 4370 1468 4434 stopie.

311 4444 459 4508 interpreter
473 4443 532 4492 reed
547 4445 576 4493 rh
591 4446 677 4506 terreis,
695 4445 745 4494 end
761 4462 866 4495 rorare·
915 4447 969 4497 'l'he
979 4447 1083 4498 letteris
1094 4449 1170 4498 noted
1176 4451 1210 4514 by
1218 4451 1319 4514 Gsasr,
1330 4452 1470 4501 theformer

312 4525 409 4584 coeo,
423 4524 451 4572 in
461 4524 501 4574 his
512 4539 584 4589 oopy.
915 4530 936 4578 ie
947 4529 1095 4580 overlooked
1106 4530 1141 4595 by
1152 4531 1289 4582 Mnester.

361 4603 372 4636 ⁸
388 4611 409 4653 et
426 4605 446 4654 is
463 4605 584 4668 required.
