3270 5080
323 382 389 446 212
732 399 970 454 munnsrrss
995 401 1062 454 nar

181 571 235 610 ns.
246 571 284 612 ιν.
322 571 508 637 cognoscere
522 551 555 616 in
570 551 663 618 corde
676 559 743 618 tam
758 575 905 641 magnum
921 554 1040 620 Deum!
1075 554 1177 636 Quem
1191 555 1280 640 quasi
1291 556 1359 642 jam
1373 556 1473 620 mensi
1489 571 1515 610 ⁰·
1527 571 1576 610 ³³0-

182 621 256 658 xxxin.
267 623 286 662 ².

187 667 281 754 ⁶,¹}·,},·V·
322 653 386 718 sint
408 661 441 718 et
461 655 683 740 perspexerint,
707 665 739 720 et
758 657 933 722 universum
953 681 1026 724 eum
1048 659 1265 737 ¹decurrerint,
1287 679 1381 744 super
1401 680 1474 723 eum

169 741 297 851 ”gaball-
322 777 390 820 esse
404 757 489 821 eliud
509 757 655 822 Pleroma
672 759 830 824 ²AEonum
846 761 1038 848 confingunt,
1058 768 1091 827 et
1109 762 1242 826 alterum
1265 761 1407 835 Patrem,
1431 761 1475 826 ad

159 889 306 897 -—-
321 859 461 924 coelestia
482 861 607 947 quidem
626 883 689 926 nou
706 863 921 948 suspicientes,
942 887 1012 930 vere
1030 873 1136 930 autem
1155 865 1188 929 in
1208 865 1395 950 profundum
1410 865 1473 951 By-

320 963 410 1028 thum
439 965 602 1030 dementire
631 967 872 1032 descendentes:
910 969 1039 1034 Patrem
1065 969 1189 1055 quidem
1214 969 1354 1034 dicentes
1381 991 1473 1033 suum

320 1065 401 1130 finiri
418 1089 515 1152 usque
529 1067 570 1131 sd
585 1089 623 1132 ea
637 1091 706 1156 quae
722 1077 795 1134 sunt
810 1069 916 1136 'extra
932 1071 1087 1150 Pleroma,
1100 1071 1305 1158 Demiurgum
1320 1092 1392 1136 vero
1406 1093 1473 1134 rur-

319 1189 390 1232 sum
412 1189 475 1234 non
497 1171 653 1257 attingere
674 1193 772 1260 usque
791 1173 847 1238 'ad
873 1173 1035 1240 Pleroma:
1066 1185 1099 1240 et
1124 1175 1171 1239 sic
1196 1185 1339 1240 neutrum
1365 1197 1473 1240 eorum

320 1279 441 1357 ponunt
455 1294 523 1336 esse
540 1274 712 1359 perlectum
726 1285 759 1340 et
773 1277 1086 1362 comprehendentem
1100 1277 1214 1346 omnis.
1257 1279 1367 1344 Deerit
1388 1279 1472 1342 enim

320 1374 383 1438 ⁴illi
404 1375 529 1461 quidem
548 1377 691 1442 universa
714 1401 783 1464 qnae
800 1389 850 1445 est
870 1389 960 1446 extro
981 1382 1134 1459 Pleroma,
1159 1381 1267 1446 mundi
1288 1382 1471 1456 fabricatio;

319 1477 393 1544 huic
414 1487 519 1543 antem
541 1501 612 1565 quae
633 1489 682 1546 est
704 1481 787 1548 intra
810 1483 964 1563 Pleroma,
979 1485 1087 1550 muudi
1110 1485 1284 1562 fabricatio,
1306 1493 1340 1552 et
1363 1494 1472 1550 neuter

319 1601 426 1646 eorum
440 1581 500 1646 erit
515 1583 652 1646 omnium
669 1583 766 1650 Deus.
803 1585 957 1666 Quoniam
971 1596 1077 1652 autem
1091 1587 1338 1675 magnitudinem
1354 1588 1415 1652 Dei
1430 1611 1470 1653 ex

320 1681 371 1746 his
386 1704 456 1767 quoe
468 1684 526 1747 *ab
540 1705 578 1748 eo
593 1685 677 1750 facta
691 1693 774 1762 sunt,
785 1707 877 1752 nemo
891 1709 1034 1754 enarrare
1048 1698 1162 1775 potest,
1174 1691 1233 1756 hoc
1248 1690 1391 1756 omnibus
1406 1712 1471 1754 ma·

319 1785 466 1852 nil'estum
488 1795 552 1853 est:
576 1795 609 1853 et
623 1789 769 1876 quoniam
790 1791 973 1878 magnitudo
994 1793 1062 1878 ejus
1076 1815 1137 1858 non
1157 1793 1272 1874 delicit,
1293 1795 1349 1858 sed
1367 1795 1472 1860 omnia

318 1888 483 1967 ⁶oontinet,
499 1897 532 1954 et
551 1892 690 1976 pervenit
711 1913 809 1978 usque
829 1894 870 1958 ad
890 1915 958 1971 nos,
978 1905 1011 1960 et
1025 1895 1187 1962 nobiscnm
1206 1903 1265 1976 est,
1287 1897 1388 1962 omnis
1403 1898 1470 1984 qui-

319 2013 440 2080 cunque
455 1993 549 2081 digne
566 1995 635 2060 Deo
649 1996 742 2082 sapit,
759 1997 965 2062 confitebitur.

740 2229 841 2297 ΟΑΡ.
865 2229 1044 2294 XXXIV.

316 2369 528 2446 sectandum
545 2363 636 2470 quid
653 2383 756 2444 notos
776 2369 889 2460 Deus,
910 2382 943 2442 ct
960 2366 1057 2468 qrood
1073 2367 1151 2466 ipse
1168 2367 1287 2440 Pater
1304 2365 1470 2440 conditor·

392 2487 554 2564 omnium
570 2514 639 2587 per
650 2513 736 2562 suos
752 2484 1072 2585 moonsfhrmom't
1087 2483 1284 2559 hominem:
1306 2497 1337 2558 ct
1351 2509 1470 2582 qucrn-

390 2605 591 2680 admodum
602 2631 676 2704 por
693 2617 795 2680 octoas
804 2603 1077 2704 prophetabant
1088 2603 1429 2702 propbetoefittorn.

319 2783 348 2846 l.
382 2781 505 2844 lomus
524 2779 695 2846 secundum
715 2777 961 2866 magnitudinem
984 2801 1047 2843 non
1068 2786 1117 2844 est
1136 2799 1322 2867 cognoscere
1342 2777 1465 2850 Deum;
1483 2804 1573 2849 mm,

316 2881 506 2968 impossibile
520 2893 568 2948 est
583 2883 666 2948 enim
678 2884 849 2948 mensurari
866 2879 1014 2956 Patrem
1030 2883 1199 2948 secundum
1211 2891 1316 2946 autern
1329 2880 1468 2945 dilectio·

316 3007 388 3050 nem
407 2985 485 3070 ejuS,
503 2980 586 3050 'haec
601 2993 650 3049 est
664 2981 748 3049 enim
763 3007 833 3068 quae
853 3006 911 3050 nos
930 3007 985 3070 per
1003 2984 1143 3049 Verbum
1162 2987 1230 3071 ejus
1250 2983 1408 3070 ⁸perducit
1426 2983 1468 3047 ad

317 3085 431 3164 Deum,
446 3086 626 3152 obedientes
648 3087 676 3151 ei
698 3107 821 3172 semper
842 3087 990 3151 discimus
1012 3087 1159 3173 quonism
1179 3096 1228 3152 est
1246 3095 1353 3152 tantus
1368 3086 1466 3164 Deus,

364 3237 374 3270 ¹
391 3237 546 3298 deomrerint,
566 3239 741 3301 κατατρέχουσι,
756 3243 783 3288 at
794 3251 813 3288 1.
826 3239 867 3301 85,
916 3239 960 3288 the
977 3238 1069 3288 Divine
1085 3239 1202 3288 intellect.
1237 3239 1252 3288 1
1268 3255 1308 3288 see
1321 3255 1354 3288 no
1370 3255 1465 3300 reason,

315 3320 446 3383 insonant,
460 3322 511 3370 An.
530 3320 717 3371 decummerint.
916 3321 1046 3382 therefore,
1076 3323 1116 3370 for
1143 3321 1279 3386 cancelling
1306 3322 1349 3370 the
1377 3321 1468 3370 second

364 3401 436 3453 ¹Cn.
449 3418 560 3464 aponum
591 3403 629 3452 of.
643 3416 661 3453 1.
673 3417 713 3464 ²4·
916 3403 1013 3463 mundi,
1037 3419 1064 3451 as
1086 3401 1219 3466 suggested
1241 3404 1276 3467 by
1295 3403 1398 3464 Geras,
1417 3401 1468 3452 and

364 3481 375 3515 ¹
392 3483 616 3534 Canamandds.
628 3488 695 3533 cntra
711 3483 863 3543 Pleromatis,
916 3483 1019 3534 affected
1034 3485 1069 3549 by
1082 3485 1219 3545 Massam,
1238 3485 1322 3534 unless
1338 3485 1359 3534 it
1376 3485 1397 3534 is
1414 3485 1467 3534 also

316 3567 362 3624 ἔξω
383 3566 427 3612 τοῦ
444 3565 613 3626 πληρώματος.
646 3565 699 3614 Aa.
719 3579 794 3628 aegere
811 3565 866 3614 Ple·
915 3565 1046 3630 expunged
1069 3566 1149 3614 where
1171 3566 1192 3614 it
1214 3581 1299 3614 occurs
1320 3566 1417 3625 before;
1439 3566 1466 3616 in

314 3661 392 3696 corna.
915 3647 967 3696 fact
983 3648 1026 3696 the
1042 3647 1150 3698 Annua.
1167 3647 1217 3696 and
1234 3647 1322 3698 Maso.
1337 3661 1368 3697 rr.
1387 3647 1464 3698 MSS.

364 3726 375 3758 ⁴
392 3727 423 3776 In
434 3727 477 3776 the
483 3727 590 3776 Asunn.
602 3727 659 3777 MS.
670 3727 711 3776 itti
722 3727 863 3776 isomitted.
915 3729 976 3776 omit
987 3729 1030 3776 the
1041 3729 1108 3776 word
1119 3727 1145 3776 in
1157 3729 1218 3777 both
1228 3728 1317 3793 places,
1330 3727 1402 3778 while
1409 3727 1467 3777 duic

315 3807 348 3859 In
358 3809 401 3859 the
412 3809 573 3858 Valentinian
586 3815 686 3874 system,
700 3809 743 3857 the
752 3808 866 3858 Platonis
915 3815 1004 3857 numm.
1012 3846 1018 3859 .
1026 3807 1168 3872 .fobrieatio
1175 3809 1195 3857 is
1203 3825 1249 3858 one
1258 3811 1286 3858 ol
1293 3810 1364 3858 those
1373 3809 1467 3858 lamnae

314 3893 400 3941 notlon
414 3891 442 3939 of
455 3891 619 3955 pre-existent
629 3895 701 3954 types
712 3905 763 3937 was
774 3889 866 3953 closely
915 3905 942 3938 so
953 3905 1066 3938 common
1078 3891 1105 3939 in
1115 3891 1159 3940 the
1170 3890 1271 3939 Ossan.
1286 3891 1343 3939 MS.

313 3969 443 4034 observe'd;
459 3975 518 4022 thus
524 3974 567 4022 the
574 3974 651 4022 entire
663 3971 748 4020 visible
756 3972 864 4020 creation
963 3969 974 4002 ⁵
990 3971 1020 4020 ab
1037 3988 1070 4032 eo,
1083 3971 1144 4032 Aa„
1161 3971 1249 4022 Meso,
1262 3985 1302 4032 11,
1321 3971 1426 4020 omitted
1439 3971 1465 4019 in

312 4069 363 4102 was
374 4057 474 4118 present
485 4053 511 4102 in
522 4055 565 4102 the
577 4053 668 4102 Divino
679 4052 737 4100 Nus
747 4052 811 4100 from
822 4053 865 4100 the
914 4052 959 4101 Gt.
973 4053 1022 4101 and
1033 4053 1114 4103 Voss.

312 4135 456 4200 beginning,
470 4151 497 4184 as
514 4136 673 4184 aninherent
687 4134 862 4198 Enthymema
963 4133 1098 4196 ‘maiust
1119 4135 1221 4184 Curat.
1240 4135 1298 4184 MS.
1330 4135 1383 4184 'l'be
1399 4151 1467 4184 same

312 4213 365 4264 The
382 4215 471 4264 mnndi
482 4215 626 4278 fabricatio,
650 4217 695 4275 ἔξω
711 4217 754 4263 τοῦ
771 4217 865 4278 πληρώ-
913 4217 982 4266 hand
993 4217 1219 4280 interlinesimplst.

311 4315 394 4357 ματος,
413 4297 507 4360 appliee
525 4304 551 4347 to
574 4297 624 4346 this
646 4297 733 4346 visible
755 4298 864 4346 creation
963 4297 1034 4347 ⁷012.
1047 4297 1172 4348 batonim
1183 4313 1316 4360 quarnaco.

311 4379 337 4428 in
354 4378 435 4426 which
453 4395 489 4426 wo
506 4379 554 4428 live
571 4379 699 4428 andhuno
715 4395 761 4428 our
776 4380 864 4444 being,
962 4377 1463 4442 ⁸perdoctr,socnrns.,ha.andvoss.

310 4462 354 4510 the
373 4459 462 4507 mnndi
473 4459 609 4524 fabricatio
625 4461 720 4521 within,
741 4463 805 4510 ἔνδον
822 4463 865 4510 τοῦ
913 4461 944 4510 sl.
958 4461 1032 4510 ducit.
1050 4462 1110 4510 This
1119 4461 1272 4526 parenthetic
1283 4465 1398 4509 sentence
1406 4475 1465 4524 may

311 4541 480 4602 πληρώματος,
509 4549 536 4592 to
568 4544 612 4591 the
639 4543 782 4606 prototypel
809 4543 864 4592 idea
912 4543 943 4593 be
958 4544 1017 4592 thus
1033 4543 1151 4604 restored,
1171 4545 1233 4603 αὐτὴ
1249 4545 1300 4605 γὰρ
1314 4543 1377 4602 ἡμᾶς
1394 4546 1409 4603 ἠ
1426 4543 1466 4591 διὰ

312 4623 340 4672 ol
369 4621 403 4668 all
433 4623 517 4687 things
543 4623 662 4686 eternally
683 4624 815 4671 conceived
836 4625 864 4672 in
912 4625 956 4671 τοῦ
966 4625 1047 4685 Λόγου
1058 4625 1131 4671 αὐτοῦ
1142 4625 1174 4673 ele
1185 4625 1226 4672 τὸν
1236 4623 1297 4674 ectr
1308 4623 1439 4684 ἀνάγουσι
