3276 5086
416 423 581 476 vunnim
607 422 675 475 nm
702 419 1035 476 susnnunnnnnun.
1243 401 1309 469 373

156 578 324 646 labefacta
340 587 424 656 sunt,
440 578 496 644 sed
511 600 566 664 per
580 599 618 644 en
632 600 702 664 quse
716 599 757 642 ox
772 577 924 664 sapientia
937 584 971 641 et
989 575 1104 640 virtute
1120 573 1227 640 Patris
1241 573 1310 660 ejus
1347 590 1401 676 3335
1414 590 1440 674 *11-

156 683 363 749 substantiam
378 683 564 750 habuemnt.
609 682 719 766 Neque
733 681 815 745 enim
831 681 965 766 iniquus,
980 687 1016 745 ut
1032 678 1134 744 aliena
1148 677 1309 762 concupis·
1321 663 1472 768 biiii

157 792 229 860 eat;
253 805 354 870 neque
375 784 527 871 indigens,
542 791 579 849 ut
597 804 659 848 non
674 804 730 869 per
745 803 803 846 sua
821 782 946 868 pmpria
965 781 1031 846 suis
1045 779 1179 867 propriis
1196 779 1311 844 effioiat
1324 775 1471 860 32¹¹}-

157 887 265 964 vitam,
293 909 351 952 sua
371 895 464 951 utens
488 885 666 951 conditione
689 885 730 949 ad
752 884 887 948 hominis
908 883 1051 949 salutem.
1096 883 1208 969 Neque
1228 881 1311 946 onim

158 996 314 1074 portasset
339 987 425 1052 illum
450 988 598 1066 conditio,
629 986 673 1053 ¹si
702 986 887 1074 ignorantie
915 994 948 1052 et
971 986 1051 1051 labis
1079 992 1148 1050 erat
1176 983 1311 1048 emissio.

160 1091 315 1173 Quoniam
341 1090 425 1156 enim
448 1089 551 1176 ipsum
578 1089 720 1154 Verbum
746 1088 808 1152 Dei
832 1088 1027 1154 incarnatum
1052 1107 1235 1174 suspensum
1264 1092 1313 1150 est

159 1215 253 1278 super
266 1194 396 1281 lignum,
413 1215 468 1279 per
481 1193 581 1258 multa
595 1193 827 1258 ostendimus*:
849 1199 882 1256 et
896 1191 956 1278 ipsi
970 1199 1075 1256 autem
1090 1189 1229 1256 baeretioi
1244 1211 1313 1254 eru-
1324 1212 1427 1261 syna

160 1297 286 1362 oilixum
302 1297 500 1361 confitentur.
538 1295 701 1378 Quomodo
716 1295 829 1382 ²igitur
842 1293 1026 1382 ignorantiae
1046 1301 1079 1358 et
1095 1291 1175 1358 labis
1189 1291 1314 1358 emissio

161 1421 233 1465 omn
260 1399 313 1484 qui
335 1399 476 1464 eontinet
496 1398 709 1464 universomm
730 1397 934 1484 agnitionem,
956 1404 989 1462 et
1015 1395 1059 1461 sit
1079 1417 1170 1460 verus
1193 1402 1226 1460 et
1245 1415 1315 1481 per·

161 1503 272 1580 lectus,
292 1510 416 1588 pertore
442 1502 564 1588 potuit!
611 1503 679 1566 Aut
705 1502 858 1590 quomodo
881 1507 938 1568 ²eu
961 1524 1030 1590 quae
1052 1503 1206 1568 absconsa
1225 1508 1275 1566 est
1295 1524 1316 1567 a

163 1605 259 1670 Patre
283 1611 316 1670 et
338 1603 470 1668 multum
492 1611 637 1690 separata
655 1605 803 1682 oonditio,
827 1605 962 1690 portarit
985 1605 1053 1692 ejus
1072 1604 1234 1670 Verbum!
1279 1603 1314 1668 Si

161 1715 267 1774 autem
290 1715 323 1772 ot
348 1709 388 1772 ab
414 1707 533 1794 angelis
555 1708 623 1773 lraeo
649 1708 734 1773 faeta
754 1717 814 1786 est,
839 1708 905 1773 sive
926 1708 1141 1796 ignorantibus
1167 1729 1237 1773 eum
1261 1707 1313 1792 qui

162 1811 385 1897 superomnia
411 1819 460 1876 ost
487 1812 585 1889 Deus,
611 1812 676 1876 sive
703 1810 885 1890 solentibus,
913 1833 985 1876 oum
1007 1811 1121 1876 dixerit
1147 1809 1313 1888 Dominus,

165 1914 315 1994 Quoniam
333 1936 383 2000 epo
403 1915 439 1978 in
457 1915 568 1992 Patre,
587 1925 615 1980 et
634 1915 734 1980 Potor
751 1916 786 1978 io
805 1938 851 1979 mo
870 1920 938 1993 ²est,
959 1915 1114 2002 quomodo
1135 1914 1265 1980 Patrem
1282 1921 1425 1983 etsoanv.
1436 1943 1465 1982 n.

164 2016 282 2082 Filium
300 2016 391 2082 simul
409 2017 573 2082 fabricatio
594 2016 776 2104 angelorum
797 2025 923 2102 portare
943 2017 1109 2082 sustinuit!
1153 2017 1316 2098 Quomodo

163 2129 268 2186 autem
289 2141 327 2185 ea
346 2141 417 2206 quae
435 2127 526 2184 extra
545 2119 683 2205 pleroma
697 2127 746 2184 est
760 2119 899 2185 conditio
914 2120 997 2204 oepit
1011 2141 1094 2198 eum,
1110 2119 1163 2204 qui
1177 2121 1318 2184 eontinet

163 2222 340 2288 universum
354 2221 512 2306 pleroma!
557 2220 637 2286 (lum
657 2221 753 2307 igitur
772 2220 840 2285 haeo
858 2221 963 2285 omnia
976 2219 1180 2306 impossibilia
1194 2221 1269 2299 sint,
1285 2229 1318 2286 et

163 2325 378 2412 probationem
393 2345 457 2388 non
470 2323 616 2400 babeant,
638 2321 714 2386 illud
732 2322 832 2386 solum
846 2344 953 2387 verum
967 2333 1016 2387 est
1036 2321 1187 2388 Eoelesiae
1201 2345 1317 2410 praeoo-

164 2427 262 2504 nium,
277 2425 424 2512 quoniam
438 2425 562 2510 propria
572 2424 718 2502 eonditio,
731 2445 801 2510 quae
816 2446 855 2488 ex
870 2423 987 2489 virtute
999 2433 1031 2490 et
1042 2433 1109 2490 arte
1121 2433 1154 2490 et
1164 2426 1319 2510 sapientia

165 2527 227 2592 Dei
242 2527 393 2604 substitit,
409 2526 544 2611 portavit
558 2547 645 2602 eum;
665 2548 734 2612 quae
750 2525 876 2612 quidem
890 2527 1061 2592 seeundum
1076 2527 1318 2593 invisibilitatem

165 2651 185 2694 a
201 2629 298 2693 Patre
312 2636 462 2712 portatur,
478 2628 650 2693 seeundum
664 2627 801 2692 8visibile
815 2637 921 2694 autem
935 2629 1119 2695 econtrario
1134 2638 1237 2715 portat
1251 2631 1320 2716 ejus

168 2732 325 2796 Verbum:
349 2739 382 2795 et
399 2731 460 2796 hoe
479 2739 529 2796 eet
549 2735 683 2796 ⁴verum.
722 2732 819 2796 Pater
839 2731 926 2796 enim
944 2731 1153 2798 conditionem
1172 2733 1265 2798 simul
1286 2742 1320 2799 et

168 2833 310 2900 Verbum
337 2854 429 2898 suum
453 2841 592 2920 portans,
619 2841 652 2899 et
675 2832 817 2898 Verbum
842 2841 1001 2920 portatum
1022 2856 1043 2900 a
1069 2835 1167 2902 Patre
1189 2844 1320 2923 praestat

165 2937 334 3023 ⁵Spiritum
348 2936 503 3015 omnibus,
515 2936 775 3022 quemadmodum
785 2937 851 3002 vult
864 2939 977 3004 Pater:
997 2939 1183 3026 quibusdam
1195 2939 1320 3027 quidem

164 3040 336 3109 seeundum
355 3038 576 3118 conditionem,
599 3039 699 3124 flquod
719 3048 769 3105 est
786 3041 984 3121 conditionis,
1005 3042 1089 3128 quod
1109 3049 1159 3110 est
1180 3042 1316 3108 laetum:

216 3226 225 3258 ¹
241 3227 327 3277 Mass.
330 3264 338 3288 ,
348 3226 426 3290 citing
436 3241 464 3275 as
472 3227 516 3276 the
524 3226 633 3287 Cannu,
640 3225 716 3286 Vsu,
770 3229 830 3278 with
841 3229 941 3279 Verbum
949 3231 1259 3296 immediatelypreoeding,
1270 3231 1320 3280 aud

166 3307 247 3358 Voss,
260 3309 370 3372 reading,
382 3307 405 3356 ei
416 3308 480 3372 quod
493 3307 640 3371 ignorando
653 3316 675 3358 et
685 3309 721 3357 ln·
769 3308 908 3374 iudieating
919 3311 944 3359 in
956 3312 999 3360 the
1011 3311 1100 3373 Greek,
1116 3313 1156 3361 rol
1170 3309 1239 3362 odron
1255 3314 1321 3361 loro

166 3389 203 3438 tis
214 3397 273 3450 mot,
295 3389 383 3439 omitit.
419 3389 472 3438 But
489 3390 532 3439 tbe
550 3389 650 3440 Cunnx.
670 3391 719 3438 and
771 3392 887 3454 ἀληθινός,
901 3393 940 3442 i.e.
953 3393 997 3442 the
1009 3393 1088 3442 Word
1099 3395 1158 3443 thus
1171 3394 1244 3444 made
1259 3393 1321 3444 fleeh

167 3471 217 3520 AB.
227 3471 366 3534 omitpuod‚
377 3470 427 3520 and
435 3471 478 3520 the
486 3471 562 3520 latter
568 3471 626 3520 MS.
635 3487 721 3534 agrees
770 3485 821 3518 was
833 3471 876 3520 the
886 3487 948 3535 very
958 3470 1038 3519 Word
1049 3471 1078 3519 of
1086 3470 1149 3520 God.
1185 3473 1223 3522 Gt.
1242 3473 1323 3520 above

167 3553 229 3601 with
240 3552 329 3602 Mnso.
342 3565 372 3602 11.
391 3551 440 3600 and
451 3551 495 3601 tbe
505 3557 564 3612 rest,
580 3553 607 3602 in
618 3553 721 3618 reading
773 3551 892 3617 (alverno
906 3561 927 3603 et
937 3554 1074 3617 perfeetum
1093 3555 1144 3604 and
1161 3555 1217 3604 Hor
1229 3561 1281 3604 ertu
1293 3553 1322 3602 in

168 3640 227 3693 eret,
239 3638 285 3682 not
295 3641 349 3683 meet
360 3649 387 3683 as
398 3634 424 3682 iu
436 3634 538 3694 Gener,
551 3651 578 3683 as
589 3635 642 3684 also
653 3635 720 3686 aare
767 3633 903 3698 principio,
917 3635 1004 3685 below.

168 3713 212 3762 aa'o.
245 3715 298 3763 Tha
306 3715 389 3763 Greek
396 3715 502 3778 original
510 3716 632 3766 therefore
638 3717 722 3766 would
821 3713 832 3746 ⁵
848 3715 901 3764 'l'be
916 3715 987 3780 Holy
998 3715 1077 3780 Spirit
1090 3717 1221 3777 therefore,
1242 3718 1320 3780 “pro-

170 3811 235 3844 seem
247 3799 274 3843 to
285 3794 349 3842 have
360 3795 437 3844 been:
455 3797 509 3844 eote
521 3799 570 3858 γὰρ
586 3798 723 3860 ἐβάστασεν
771 3797 873 3846 oeedeth
886 3798 950 3848 from
962 3799 1005 3848 the
1022 3799 1117 3849 Fatber
1127 3799 1177 3848 and
1191 3799 1235 3848 the
1247 3799 1324 3849 Son.’'

170 3877 200 3924 dn
210 3876 309 3934 αὐτὸνὴ
325 3877 408 3935 κτίσις,
429 3878 449 3924 rl
466 3877 563 3938 ἀγνοίας
574 3880 614 3927 nol
626 3879 722 3943 irrepsi
772 3878 839 3943 Only
849 3881 892 3928 the
909 3880 987 3944 Spirit
1002 3881 1024 3930 is
1040 3881 1094 3930 said
1108 3887 1135 3930 to
1152 3880 1226 3930 stand
1242 3882 1268 3930 in
1278 3881 1323 3930 the

170 3975 246 4018 paror
256 3956 395 4019 ἦνκαρτός.
773 3963 919 4010 numeratio
937 3967 965 4010 to
987 3963 1029 4011 the
1048 3962 1107 4022 Son,
1128 3963 1184 4012 thet
1206 3963 1248 4010 the
1271 3963 1321 4012 Son

220 4037 231 4070 ²
247 4041 307 4099 An,
317 4039 399 4088 Voss.
407 4053 462 4100 erpo
468 4059 479 4096 ;
494 4039 536 4088 tbe
547 4041 638 4090 former
649 4043 724 4092 omits
773 4043 844 4092 boam
854 4049 881 4092 to
892 4044 935 4092 the
946 4043 1047 4105 Fatber‚
1066 4043 1118 4104 162,
1134 4059 1156 4106 3.
1190 4043 1324 4094 'lberefore

170 4139 206 4184 eo,
220 4122 271 4172 and
282 4121 358 4170 lower
368 4120 443 4169 donn
454 4127 499 4170 est.
773 4125 816 4172 the
833 4126 972 4188 prooesnion
991 4127 1020 4176 of
1033 4127 1077 4175 tho
1095 4127 1172 4190 Spirlt
1193 4125 1257 4174 from
1279 4127 1323 4176 the

222 4203 232 4235 ⁸
248 4205 277 4253 τὸ
287 4205 382 4266 δρατον.
404 4200 503 4262 attio,
513 4201 564 4251 An.
574 4201 672 4264 (Mune.
682 4216 721 4265 η,
775 4205 826 4255 Son
837 4207 910 4254 oonld
921 4223 996 4256 never
1006 4209 1070 4258 have
1081 4207 1237 4258 beendenied
1246 4208 1271 4256 in
1278 4208 1323 4257 tho

173 4285 281 4352 Mass),
299 4287 346 4336 but
360 4283 437 4346 Van,
450 4284 540 4344 Voss,
561 4284 605 4335 On.
624 4285 1113 4352 nnumtheologyors.1nnnnns.

172 4375 249 4418 roten.
823 4365 834 4399 ⁶
850 4368 913 4432 qttod
923 4377 954 4419 est
966 4370 1118 4420 conditionis.
1142 4370 1221 4419 'l'bese
1232 4369 1320 4428 words,

221 4448 232 4480 ⁴
249 4449 359 4510 Cannu,
369 4447 460 4507 Voss,
471 4447 560 4496 Mauo.
570 4459 600 4496 11.
612 4446 720 4509 Verbum,
773 4447 873 4512 printed
889 4449 924 4513 by
935 4449 1030 4498 Gaasr
1046 4451 1110 4500 from
1125 4451 1168 4500 the
1182 4451 1233 4499 Aa.
1253 4448 1321 4508 Mu,

172 4533 219 4580 but
229 4535 256 4579 to
266 4531 309 4580 the
320 4530 472 4580 destruction
481 4529 511 4578 of
518 4529 561 4578 the
569 4545 647 4579 sense.
671 4531 721 4578 An.
774 4529 824 4580 and
834 4529 979 4596 dieobarged
993 4533 1026 4597 by
1038 4532 1167 4582 Masonsa·
1180 4549 1213 4581 on
1226 4532 1269 4581 the
1280 4546 1322 4578 au-

173 4617 194 4660 nt
215 4610 257 4660 tor
273 4617 304 4659 ed
320 4627 409 4672 mrum,
428 4611 471 4660 the
489 4615 632 4675 agreement
648 4610 725 4674 being
773 4610 868 4674 thority
875 4611 904 4660 ol
911 4611 954 4660 the
965 4612 1076 4674 Cannu„
1085 4613 1161 4673 Van,
1176 4613 1225 4661 and
1232 4611 1322 4667 Voss,
