3276 5086
619 459 661 510 nu
687 459 826 513 sunm.
1239 445 1307 508 343

154 607 236 687 tulis,
252 628 315 674 non
329 609 397 694 jem
412 607 577 688 esmeiem,
600 610 657 676 sed
678 610 860 696 spiritalem,
876 615 1002 696 propter
1018 607 1154 697 Spiritus
1167 632 1305 677 eommu-
1348 631 1436 718 nppp.

155 710 290 776 nionem.
335 711 388 776 Sin
411 711 507 798 igitur
531 712 688 799 Martyres
707 719 872 792 testantur,
892 720 926 779 et
945 721 1148 778 contemnunt
1162 721 1305 794 mortem,
1333 709 1454 810 gip-834}

156 833 220 876 non
244 813 416 877 seeundum
430 812 643 878 infirmitatem
657 814 770 892 earnis,
791 815 847 879 sed
861 815 1033 879 seeundum
1048 815 1131 899 quod
1145 821 1308 900 promptus
1365 819 1423 856 Μ·

156 921 207 979 est
222 915 367 999 Spiritus.
412 915 584 980 Infirmitas
597 916 682 981 enim
701 916 804 982 earnis
824 917 982 1002 absorpta,
998 923 1158 1002 potentem
1173 917 1310 982 ostendit

159 1017 327 1103 Spiritum3
353 1016 488 1102 Spiritus
509 1025 615 1082 autem
634 1039 740 1084 rursus
761 1019 931 1084 absorbens
949 1019 1175 1098 infirmitatem,
1197 1019 1310 1086 1λαντο-

158 1120 256 1184 ditate
277 1119 417 1204 possidet
437 1141 563 1185 carnem
584 1121 617 1184 in
636 1142 688 1186 se:
717 1129 750 1186 et
773 1143 813 1186 ex
834 1122 975 1208 utrisque
1000 1122 1102 1186 iactus
1131 1129 1181 1187 est
1205 1123 1311 1187 vivens

157 1221 270 1296 hom03
302 1222 408 1286 vivens
437 1221 562 1306 quidem
590 1230 718 1308 propter
739 1223 1010 1309 participationem
1040 1223 1185 1309 Spiritus,
1217 1223 1311 1288 homo

157 1333 264 1390 autem
278 1333 404 1411 propter
422 1325 629 1390 substantium
651 1327 764 1392 earnis.
801 1326 903 1413 Igitur
926 1347 1000 1391 osro
1020 1327 1088 1391 sine
1112 1326 1232 1411 Spiritu
1249 1325 1312 1392 Dei

159 1435 284 1493 mortus
303 1436 351 1493 est
373 1449 436 1492 non
457 1428 576 1495 babens
589 1429 696 1508 vitem,
719 1450 851 1516 regnum
866 1429 927 1494 Dei
939 1429 1096 1514 possidere
1110 1450 1173 1493 non
1188 1437 1310 1513 potest:

161 1529 289 1617 sanguis
310 1530 505 1610 irrationalis,
519 1531 604 1597 velut
617 1552 698 1618 aque
712 1532 809 1598 effusa
831 1531 863 1596 in
884 1539 1010 1597 terram.
1054 1530 1100 1595 Et
1113 1539 1239 1618 propter
1253 1530 1313 1596 hoo

48 1658 87 1698 n.
101 1655 147 1694 sos
162 1632 226 1697 sit:
257 1632 365 1712 Quotus
386 1642 530 1712 terrenus,
553 1635 628 1699 tates
650 1636 775 1700 terreni.
820 1635 886 1698 Ubi
906 1642 1012 1698 sutem
1034 1633 1169 1719 Spiritus
1195 1633 1312 1712 Patris,
1325 1651 1475 1694 romanu

162 1736 206 1801 ibi
221 1736 316 1802 homo
330 1735 444 1816 vivens,
463 1737 590 1824 sanguis
603 1737 762 1802 rationalis
783 1737 824 1801 nd
845 1736 994 1802 ultionem
1008 1757 1028 1800 α
1045 1735 1115 1800 Deo
1129 1735 1313 1815 custoditus,

162 1861 235 1905 euro
252 1860 273 1904 s
288 1839 406 1924 Spiritu
420 1860 563 1924 possessa
582 1840 678 1905 oblite
700 1840 824 1926 quidem
845 1839 903 1918 sui,
927 1839 1108 1926 qualitatem
1123 1845 1229 1904 eutem
1244 1837 1314 1924 Spi-

162 1946 241 2010 ritus
263 1966 435 2024 sssumens,
459 1945 626 2011 conformis
647 1947 731 2010 facte
751 1945 860 2010 Verbo
881 1944 952 2009 Dei.
999 1942 1045 2007 Et
1066 1949 1230 2028 propterea
1250 1941 1312 2007 ait:

50 2067 80 2105 o.
94 2067 138 2104 ⁴12
162 2049 250 2112 Siout
269 2049 463 2133 portabimus
488 2049 653 2134 ῖνηαρῖννανα
672 2048 735 2133 ejus
756 2049 829 2134 2ηονῖ
857 2047 895 2112 de
919 2056 1005 2110 terra
1031 2054 1083 2124 ost,
1106 2055 1263 2132 portemus
1288 2052 1475 2109 otientur-⁴⁹-

162 2151 327 2235 inopinam
341 2149 405 2233 ejus
418 2150 473 2236 qui
487 2151 524 2214 de
538 2149 608 2215 coeto
623 2159 673 2215 est.

228 2254 259 2316 3.
297 2251 380 2333 Quid
402 2259 451 2316 est
472 2273 546 2338 ergo
566 2252 744 2317 terrenum!
778 2251 915 2315 Plesma.
953 2249 1036 2331 Quid
1050 2255 1156 2312 sutem
1170 2248 1317 2313 eoelestet

165 2353 311 2439 Spiritus.
356 2353 446 2418 Siout
460 2354 566 2440 igitur,
589 2354 644 2432 nit,
663 2355 731 2418 sine
754 2353 872 2438 Spiritu
887 2351 1007 2416 coelesti
1022 2349 1195 2415 conversati
1209 2371 1318 2414 sumus

164 2455 330 2541 aliquando
344 2455 377 2518 in
391 2462 546 2520 vetustate
561 2455 674 2534 carnis,
689 2477 752 2520 non
772 2454 953 2519 obedientes
968 2453 1055 2516 Deo:
1079 2451 1125 2514 sio
1140 2471 1222 2514 nuno
1236 2450 1318 2514 soei·

165 2554 287 2642 pientes
313 2555 473 2641 Spiritum,
497 2556 531 2619 in
552 2556 690 2622 novitate
711 2555 784 2621 vitae
809 2553 1012 2633 ambulemus,
1035 2552 1216 2617 obedientes
1237 2551 1318 2618 Deo.

167 2738 287 2808 3Ἐπεῖ
314 2735 387 2808 ἄνευ
407 2735 603 2820 Hucine-ror
628 2738 715 2809 θεοῦ
745 2743 887 2821 σωθῆναι
916 2737 952 2808 οῦ
976 2733 1146 2821 δυνάμεθα,
1173 2766 1430 2836 προτρε-ῃηηι,

167 2852 311 2934 πόμενος
336 2852 418 2933 ἡμᾶς
440 2851 458 2920 ὁ
481 2851 687 2935 ἀπόστολος,
714 2849 766 2921 διὰ
789 2858 847 2933 τῆς
879 2849 1022 2926 πίστεως
1048 2849 1102 2920 καῖ
1131 2855 1189 2930 τῆς
1218 2824 1474 2954 dyvitffiiffi

1330 2962 1350 3000 S.
1361 2961 1441 3000 suste

168 2965 387 3062 ἀναστροφῆς
411 2973 581 3061 συντηρεῖν
604 2961 647 3034 τὸ
668 2963 804 3047 Πνεῦμα
829 2968 892 3034 τοῦ
911 2963 1005 3046 θεοῦ,
1030 2963 1082 3032 ἵνα
1111 2961 1156 3044 μὴ
1185 2958 1316 3060 ἄμοιροι
1330 3005 1469 3098 ἔμω,

168 3081 231 3147 τοῦ
244 3076 331 3148 θεῖον
349 3072 568 3159 4Πνειῖμανος
579 3075 747 3166 γενόμενοι
760 3076 980 3171 ἇποτῦχωμεν
992 3081 1049 3156 τῆς
1060 3071 1238 3161 βασιλείας
1253 3079 1319 3146 τῶν
1355 3081 1360 3092 ’

171 3189 320 3286 οὐρανῶν,
341 3187 465 3274 ἐβόησε
490 3186 534 3271 μὴ
566 3185 721 3258 δύνασθαι
749 3189 809 3270 τὴν
838 3184 948 3286 σάρκα
973 3187 1045 3258 καθ’
1073 3185 1189 3268 inuritur
1213 3188 1246 3256 ἐν
1269 3188 1320 3276 τῷ

171 3303 286 3384 αἵματι
317 3300 497 3388 βασιλείαν
520 3305 764 3399 κληρονομῆσαι
792 3300 887 3370 Θεοῦ.
945 3297 995 3368 Εῖ
1013 3295 1082 3397 γὰρ
1110 3296 1158 3369 δεῖ
1178 3297 1321 3383 τᾶληθῖς

171 3415 281 3498 εἰπεῖν,
300 3413 336 3482 ori
351 3419 556 3512 κληρονομεῖ,
575 3410 666 3483 ἀλλὰ
685 3421 936 3511 κληρονομεῖται
956 3415 974 3494 ἦ
993 3408 1092 3509 σάρξ.

173 3617 327 3699 Quoniam
342 3618 437 3704 igitur
451 3619 518 3684 sine
534 3617 653 3704 Spiritu
668 3617 730 3682 Dei
745 3616 856 3682 salvari
871 3638 934 3682 non
949 3637 1124 3702 possumus,
1139 3615 1323 3680 adhortetur

174 3719 347 3805 Apostolus
369 3725 454 3795 tnos,
478 3743 534 3806 per
555 3721 650 3786 fidem
673 3728 706 3786 et
726 3728 846 3786 castum
863 3720 1128 3784 conversationem
1142 3737 1324 3784 conservare

175 3821 325 3905 Spiritum
338 3821 409 3899 Dei,
420 3830 456 3886 ut
470 3844 534 3887 non
547 3823 614 3888 sine
628 3823 864 3910 participatione
878 3821 978 3888 sancti
994 3822 1129 3908 Spiritus
1143 3819 1218 3886 faeti
1232 3819 1323 3886 smit-

173 3930 278 3988 temus
295 3945 425 4010 regnum
440 3925 605 3990 coelorum:
629 3933 662 3990 et
677 3923 832 4000 clamavit,
854 3945 917 3988 non
932 3945 1024 4010 posse
1038 3945 1164 3989 earnem
1178 3923 1276 3989 solam
1291 3931 1324 3989 et

173 4023 358 4112 sanguinem
371 4047 501 4114 regnum
517 4026 577 4091 Dei
592 4027 759 4112 possidere.
806 4025 840 4090 Si
855 4025 938 4090 enim
953 4033 1075 4112 oportet
1088 4048 1195 4091 verum
1209 4025 1321 4106 diuers,

173 4148 236 4192 non
250 4127 398 4214 possidet,
421 4128 477 4194 sed
499 4128 673 4215 possidetur
693 4151 784 4204 ear03
808 4128 890 4194 siout
915 4135 948 4192 et
970 4127 1124 4194 Dominus
1143 4127 1207 4193 uit:
1230 4127 1450 4198 Bestiam.

224 4303 234 4338 ¹
255 4307 432 4370 ἐκληρονόμησε
450 4310 482 4358 εἰς
500 4307 724 4370 ἑαυτὸτὴνσαρκά.
773 4308 881 4359 Ioannes
905 4307 1073 4357 Damasoenus
1098 4307 1126 4356 iu
1147 4307 1289 4369 Ραναῖῖαῑῖε,
1314 4324 1326 4357 e

225 4385 726 4452 ’qmdourmretsliterultrsnslstion
774 4407 876 4455 quorum
896 4390 953 4440 MS.
978 4389 1065 4440 Oodiee
1088 4389 1276 4440 Utor-omonimo
1297 4405 1326 4439 αα

176 4488 432 4555 ninsyfiwffiom
450 4459 545 4550 pm
566 4474 645 4569 τεο,
668 4487 726 4535 οω
771 4471 1242 4536 publicavnrlauotutnvir.1renet
1273 4472 1323 4520 on.

177 4570 220 4619 Gr.
234 4573 278 4620 τοῦ
287 4575 379 4633 χοϊκοῦ,
823 4551 834 4584 ⁴
851 4553 925 4613 Bes,
939 4553 985 4602 but
992 4552 1065 4602 Du.
1073 4555 1117 4601 τοῦ
1128 4553 1189 4602 θεοῦ
1195 4552 1324 4614 γενόμεναι.

226 4647 410 4704 werhem?
422 4655 505 4706 αωεε
516 4654 603 4704 emm
614 4653 727 4717 auersi
823 4634 834 4666 ⁸
851 4649 893 4683 roe
905 4649 958 4697 rer,
973 4633 1017 4684 0».
1030 4633 1114 4685 mori·
