3260 5082
473 347 850 402 INTERPRETATIONES
875 349 1031 402 MULTAE.
1256 336 1322 401 409

171 509 381 606 εὑρισκόμενα
413 509 571 594 ὀνόματα,
603 511 727 606 ἔχοντα
757 510 819 583 τὸν
850 510 951 583 αὐτὸν
978 510 1127 611 ἀριθμὸν,
1162 520 1260 584 ποῖον
1286 507 1325 604 ἐξ

170 622 276 692 αὐτῶν
295 623 435 721 φορέσει
457 624 475 693 ὁ
495 622 682 721 ἐρχόμενος,
704 621 948 725 {arabicorum

167 815 366 882 inveniuntur
380 817 515 897 nomina,
530 817 679 884 habentia
693 841 856 886 numerum
869 822 964 902 hunc,
980 820 1062 907 qnod
1076 841 1117 886 ex
1131 819 1208 906 ip'sis
1222 827 1325 906 porta-

168 917 217 983 bit
232 919 285 1006 qui
299 919 412 1000 veniet,
427 920 598 1009 quaeritur?

234 1025 267 1090 3.
292 1023 446 1105 Quoniam
459 1033 567 1090 autem
582 1029 662 1090 ¹n0n
676 1031 803 1113 propter
816 1027 953 1114 inopiam
968 1027 1128 1093 nominum
1142 1025 1325 1091 habentium

170 1127 355 1190 ¹numerum
374 1126 510 1192 nominis
531 1128 599 1213 ejus
617 1127 751 1194 dicimus
764 1129 843 1209 baec,
859 1130 916 1196 sed
937 1137 1063 1216 propter
1084 1129 1229 1192 timorem
1250 1149 1327 1214 erga

60 1245 89 1284 ο.
101 1245 149 1284 ⁴⁴⁰.
170 1226 285 1306 Deum,
300 1236 333 1293 et
347 1229 448 1295 zelum
461 1229 622 1294 veritatis:
646 1234 824 1296 2ΕΥΑΝΘΑΣ
835 1231 919 1296 euim
929 1253 1043 1296 nomen
1057 1231 1152 1295 babet
1162 1252 1327 1294 numerum

170 1330 210 1394 de
224 1352 285 1416 quo
301 1331 468 1418 quaeritur:
491 1331 548 1396 sed
562 1329 639 1395 nihil
654 1333 693 1398 de
707 1355 745 1398 eo
759 1333 960 1400 affirmamus.
1005 1334 1069 1398 Sed
1083 1341 1115 1398 et
1134 1339 1322 1398 8ΛΑΤΕιΝοΣ

170 1455 285 1498 nomen
300 1434 395 1498 babet
409 1441 630 1500 sexcentorum
644 1435 810 1521 sexaginta
823 1456 880 1499 sex
892 1457 1071 1500 numerum:
1097 1445 1130 1500 et
1144 1435 1233 1500 valde
1248 1435 1326 1500 veri-

169 1535 271 1601 simile
292 1545 351 1616 cst‚
373 1537 520 1623 quoniam
542 1538 761 1602 ⁴novissimum
782 1560 913 1624 regnum
935 1537 994 1603 hoc
1015 1539 1112 1604 babet
1132 1538 1326 1606 vocabulum.

172 1639 279 1704 Latini
302 1640 387 1704 enim
410 1648 485 1704 sunt
508 1641 561 1725 qui
585 1663 669 1706 nunc
692 1649 848 1728 regnant:
871 1641 928 1704 sed
941 1663 1005 1705 non
1020 1641 1053 1704 iu
1068 1641 1127 1707 boc
1142 1664 1200 1707 nos
1213 1642 1327 1729 gloria-

169 1741 283 1808 bimur.
311 1741 375 1806 Sed
389 1749 421 1807 et
435 1746 587 1822 ⁴uramara,
604 1743 723 1833 [prima
736 1743 854 1830 syllaba
868 1765 924 1828 per
937 1744 1016 1808 diras
1032 1745 1160 1812 Graecas
1175 1745 1296 1810 vocales
1311 1771 1327 1809 ε

170 1853 204 1910 et
221 1872 233 1910 ι
247 1843 393 1931 scripta]
410 1845 548 1910 omnium
566 1847 729 1911 nominum
749 1869 819 1932 quas
834 1847 917 1932 apud
930 1869 989 1912 nos
1002 1847 1208 1926 inveniuntur,
1222 1848 1327 1936 magis

170 1949 232 2014 lide
253 1950 384 2036 dignum
401 1957 461 2014 est.
506 1949 636 2014 Etenim
659 1951 844 2035 praedictum
865 1973 1028 2016 nnmerum
1052 1953 1149 2018 habet
1170 1951 1204 2016 in
1224 1974 1270 2030 se,
1292 1961 1327 2018 et

170 2052 330 2117 literarum
348 2059 398 2116 est
418 2074 485 2131 sex,
501 2052 632 2140 singulis
653 2053 780 2140 syllabis
797 2075 838 2118 ex
859 2054 958 2118 ternis
979 2054 1078 2119 literis
1099 2055 1326 2133 constantibus,

171 2163 309 2221 etvetus
326 2163 359 2222 et
377 2164 555 2230 semotum
579 2177 682 2242 neque
698 2156 800 2220 renim
822 2177 929 2222 eorum
950 2179 1061 2243 regum
1080 2157 1134 2242 qui
1155 2158 1326 2222 secundum

171 2280 230 2324 nos
252 2266 338 2338 aunt,
359 2258 472 2343 aliquis
492 2265 621 2324 vocatus
641 2266 691 2323 est
711 2257 817 2336 Titan,
837 2279 939 2344 neque
962 2280 1071 2323 eorum
1095 2265 1184 2344 lquae
1205 2261 1327 2344 publice

171 2361 342 2426 adorantur
365 2360 517 2426 idolorum
537 2361 621 2446 apud
641 2361 771 2425 Graecos
793 2367 826 2425 et
847 2361 996 2426 barbaros
1024 2361 1120 2426 babet
1142 2361 1342 2440 vocabulum¹

172 2464 263 2529 ⁰hoc:
288 2471 321 2528 ct
336 2462 473 2527 divinum
489 2471 617 2548 putatur
631 2462 714 2549 apud
736 2462 852 2528 multos
869 2483 939 2528 esse
958 2462 1018 2528 hoc
1040 2484 1164 2542 noman,
1180 2471 1217 2528 ut
1230 2464 1327 2528 etiam

73 2589 103 2627 u.
112 2588 155 2627 cao.
172 2568 220 2634 sol
235 2567 332 2632 Titan
345 2573 473 2632 vocetur
487 2568 527 2631 ab
542 2566 592 2632 his
606 2567 659 2652 qui
678 2588 761 2631 nunc
775 2573 902 2630 tenent:
926 2574 959 2631 et
974 2566 1217 2632 ostentationem
1231 2588 1328 2652 quan-

176 2672 251 2736 dam
271 2670 431 2735 ⁶continet
453 2669 590 2748 ultionis,
606 2679 639 2735 et
661 2669 829 2734 uindictam
847 2669 1017 2746 inferentis,
1034 2670 1117 2754 quod
1138 2669 1189 2734 ille
1202 2669 1329 2734 simulat

171 2800 206 2844 se
221 2777 302 2844 male
315 2785 468 2843 tractatos
481 2777 648 2843 vindicare.
692 2776 757 2841 ⁷Et
772 2775 850 2840 alias
864 2783 970 2840 autem
985 2783 1018 2842 et
1031 2775 1204 2863 antiquum,
1220 2785 1253 2842 et
1266 2777 1329 2842 fide

172 2880 312 2968 dignum,
339 2887 373 2945 et
397 2879 513 2966 regale,
537 2880 640 2966 magis
664 2886 769 2943 autem
796 2883 830 2942 ot
854 2877 1052 2962 tyrannicum
1078 2899 1203 2945 nomen.
1247 2878 1327 2942 (lum

172 2982 270 3070 igitur
284 2987 424 3048 ⁸tantam
437 2983 614 3048 suasionem
628 2981 743 3047 babeat
757 2979 817 3046 hoc
832 3001 946 3044 nomen
969 2979 1075 3059 Titan,
1090 2987 1212 3045 tantam
1233 2979 1329 3047 babet

221 3171 231 3203 ¹
249 3170 465 3232 Primumuomeu,
474 3170 623 3234 quoduam
633 3171 726 3220 Irenoeo
772 3167 995 3228 mammon,
1012 3167 1214 3232 Agnusnooens.
1252 3167 1329 3218 Unde·

170 3253 280 3317 ponitur,
300 3260 332 3302 est
350 3254 516 3314 anabola,
533 3252 600 3315 eujus
614 3253 727 3302 aunuum
773 3248 865 3298 cimum
877 3248 946 3297 tatu
957 3248 1099 3297 Primosiua
1110 3265 1139 3298 eu
1150 3248 1256 3310 ticonio,
1270 3249 1327 3297 ΔΝ-

173 3335 301 3398 ripilbrtim
317 3341 404 3394 curuo,
430 3350 559 3384 nummum
581 3333 611 3383 ab
633 3333 727 3382 Ircuoeo
773 3331 897 3380 ΤΕΜΟΣ.
939 3329 1116 3379 Duodecimum
1134 3338 1258 3380 munerat
1277 3331 1327 3379 aa·

173 3415 413 3480 causitumfaciunt.
443 3413 661 3478 &mammam
672 3430 727 3464 eum
771 3413 1100 3474 peum,rnN2HP1K0>:.
1136 3411 1256 3462 Fausan.

173 3498 267 3546 lrcuaeo
289 3494 396 3559 agnoscit
412 3502 433 3544 ot
454 3495 560 3544 arettas
579 3495 723 3558 Ouppadou,
821 3493 875 3542 The
886 3492 1028 3542 Ambusto
1037 3508 1172 3554 nummum,
1182 3494 1329 3557 suggesting

174 3585 207 3628 cst
226 3578 404 3627 naamon.
436 3577 544 3626 Tertium
562 3576 629 3626 Aru.
647 3577 725 3639 Ocpp.
772 3573 812 3622 lor
820 3574 862 3623 the
874 3573 958 3622 Greek
968 3573 1082 3637 original,
1098 3576 1125 3622 ct
1136 3575 1175 3622 aa
1186 3575 1269 3636 χρείαν
1280 3576 1329 3623 ὀνο·

176 3655 242 3705 Com.
260 3655 289 3701 iu
308 3667 337 3714 13
355 3653 430 3714 apoc.
449 3653 510 3702 atem
527 3651 619 3701 Immo
638 3652 725 3715 placet,
772 3655 856 3714 μάτων
871 3656 993 3716 ἠχούντων
1005 3655 1132 3717 ἰσάριθμον
1148 3653 1212 3718 [Ina.
1226 3655 1329 3716 ἐχόντων

174 3751 258 3797 nempe
280 3735 412 3782 numan.
459 3733 581 3792 Quartum
607 3733 726 3782 consuetu
774 3737 806 3785 cir
819 3735 929 3800 ἀριθμὸν]
941 3738 985 3784 τοῦ
995 3737 1110 3796 ὀνόματος
1121 3739 1214 3785 τούτου.

173 3825 225 3882 post
247 3815 411 3878 Hippolytum
432 3813 470 3864 Μ.
496 3813 650 3865 Ρήννανίιινι
673 3817 726 3864 ΔΡ·
822 3815 901 3867 ’An
915 3817 996 3867 Buca.
1033 3817 1114 3868 Voss.
1127 3835 1155 3868 as
1168 3819 1254 3867 abore.

176 3899 313 3956 ΝΟΤΜΑΙ,
329 3912 401 3959 nego.
438 3895 556 3954 Qutmum
570 3897 725 3947 traditur-u.
822 3896 912 3957 ⁸An.,
924 3899 1014 3948 Maso.
1023 3911 1054 3949 11.
1065 3899 1211 3964 defectively
1220 3897 1328 3948 Latium.

178 3979 449 4043 Cappnlafflnnla.
470 3977 726 4028 antummum.
822 3977 1064 4028 *sincerissimum
1081 3979 1131 4028 and
1151 3980 1233 4029 Titan.
1276 3979 1330 4029 The

175 4069 277 4123 audere,
293 4077 338 4111 ease
353 4060 474 4122 paterno
494 4061 669 4110 ΝΙΚΗΤΗΣε
686 4063 725 4110 io.
772 4058 889 4108 brackets
900 4060 972 4108 mark
984 4075 1016 4108 an
1027 4061 1212 4124 interpolation.

175 4145 273 4196 Victor.
308 4142 441 4206 Septimum
457 4141 527 4203 apud
543 4142 645 4190 mudum
658 4142 725 4192 Aru.
822 4139 921 4200 “cuitu
933 4140 1023 4202 Voss,
1033 4141 1123 4192 Maso.
1132 4154 1171 4202 11.,
1183 4141 1264 4190 which
1275 4141 1327 4192 AB.

175 4227 336 4280 munuca
348 4224 489 4283 ΟΔΗΙῸΣ,
501 4222 587 4271 Malus
599 4222 657 4272 dux.
684 4223 726 4273 Oc·
777 4223 862 4272 omits.
898 4221 936 4270 lb.
949 4223 1000 4285 qui.

174 4317 256 4358 tubum
273 4307 353 4356 eodem
369 4311 465 4353 audura
486 4305 629 4352 ΑΔΗΘΗΣ
652 4305 727 4352 Bas·
823 4301 901 4353 οΑΒ.
915 4305 990 4352 omits
1002 4303 1052 4364 boc,
1068 4304 1101 4353 ib.
1114 4303 1242 4354 eminent.

175 4391 290 4450 ΒΕΡΟΣ,
314 4387 382 4436 Vere
401 4401 501 4434 nocens.
542 4385 642 4434 Nouum
663 4383 728 4434 idem
822 4385 1056 4447 ⁷aatua‚v0ss.;
1072 4385 1327 4447 tulim,Aa.,Mrac.

175 4469 275 4532 subjicit,
283 4469 390 4516 llAllAl
399 4467 590 4526 ΒΑΣΚΑΝΟΣ,
600 4465 619 4515 J
620 4481 661 4514 am
668 4466 726 4514 olim
773 4479 819 4526 τις
838 4467 912 4526 Titos,
927 4466 1015 4516 Manu.
1028 4479 1046 4514 1.

177 4551 283 4600 invidus.
312 4549 435 4600 Decimum
444 4555 562 4612 postremo
573 4547 652 4608 odda,
668 4549 727 4595 AM·
823 4547 911 4607 tna,
927 4547 1326 4609 Msue.11.,butVar.tacltam.

1364 515 1419 554 Lllt.
1428 515 1456 554 V.

1373 572 1423 600 xxx.
1434 562 1452 599 2.

1338 607 1386 646 GR.
1393 608 1420 646 V.
1430 617 1481 646 xxx.

1356 654 1433 693 HAS&
1444 653 1471 694 V.

1371 711 1423 739 xxx.
1433 701 1453 738 2.

1339 775 1486 786 .-—-—
