3276 5086
329 329 396 396 330
677 341 731 396 Ex
757 339 899 394 Pn1sc1s
924 336 1116 391 EXEMPLIS

823 653 924 722 OAP.
947 653 991 722 V.

328 819 547 894 Priscorum
569 819 646 894 uita
672 821 840 919 lonqaoa,
870 821 967 895 Elia
997 833 1029 896 et
1054 819 1183 893 Enoch
1209 843 1293 892 carn
1312 816 1495 916 proprius
1619 857 1620 946 q

405 941 618 1040 corporibus
643 941 846 1032 translatio
870 967 947 1015 nna
976 967 1059 1014 cant
1080 939 1189 1014 Jona
1212 935 1374 1012 Antania
1392 937 1493 1012 Ana

402 1058 469 1132 ria
503 1071 534 1133 et
561 1057 733 1133 Misaelis
759 1059 800 1132 in
827 1056 979 1134 snrnrnis
1003 1053 1179 1156 periculis
1204 1054 1489 1146 conservatione,

403 1173 587 1248 euidenter
621 1175 810 1250 ostendant
839 1174 963 1249 Denrn
1001 1172 1161 1248 excitare
1185 1195 1291 1270 posse
1326 1195 1491 1268 corpora

406 1303 532 1365 nostra
549 1290 602 1366 acl
619 1291 734 1366 uitarn
751 1305 933 1366 aternam.

332 1477 361 1536 ].
402 1473 568 1553 Quorsum
595 1483 701 1540 autem
722 1473 821 1539 multo
843 1481 981 1560 ternpore
1004 1471 1257 1560 ¹perseverabaut
1286 1493 1425 1557 corpora,
1453 1471 1488 1535 in
1502 1491 1592 1530 miss

331 1585 481 1658 quantum
497 1576 612 1660 placuit
628 1577 697 1641 Deo
714 1577 804 1641 ¹bene
818 1575 942 1656 habere,
956 1575 1061 1662 legant
1077 1573 1263 1660 Scripturas,
1280 1583 1313 1638 et
1328 1575 1488 1639 invenient

330 1677 460 1760 eosqui
487 1687 560 1742 ante
592 1701 648 1742 nos
677 1681 811 1758 fuerunt,
838 1679 1052 1765 septingentos
1077 1685 1110 1741 et
1137 1677 1333 1764 octingentos
1354 1685 1386 1740 et
1408 1699 1487 1740 non-

330 1789 442 1865 gentos
464 1804 563 1846 annos
585 1804 817 1870 supergressos:
842 1791 875 1847 et
901 1781 1169 1867 consequebantur
1193 1802 1322 1867 corpora
1348 1779 1488 1866 ipsorum

330 1881 589 1970 longinquitatem
613 1885 741 1964 dierum,
764 1893 796 1950 et
823 1881 1068 1970 ²palticipabant
1083 1883 1188 1962 vitam,
1215 1883 1248 1946 in
1273 1893 1424 1970 quantum
1447 1905 1488 1947 ea

169 2063 303 2103 asenam.
331 2043 404 2114 ³Ti
423 2043 458 2114 di
475 2043 527 2116 noi
549 2046 624 2146 περὶ
648 2047 771 2116 ἐκείνων
794 2047 960 2137 λέγομεν;
988 2046 1116 2135 ὅτουγε
1133 2043 1246 2139 Ἐνώχ
1263 2045 1487 2141 adaptatione

167 2111 187 2148 J.
199 2110 291 2150 namne.

167 2155 271 2197 ΜΨ·
332 2164 382 2246 τῷ
419 2157 502 2248 θεῷ,
540 2161 572 2230 ἕν
598 2161 728 2243 σώματι
759 2159 929 2242 μετετέθη,
957 2157 1016 2239 τὴν
1041 2154 1221 2240 μετάθεσιν
1256 2161 1323 2227 τῶν
1356 2155 1488 2226 δικαίων

333 2273 534 2369 τρομηνάων.
586 2271 656 2342 Καὶ
673 2272 806 2356 Ἠλίας,
833 2275 872 2346 ὡς
901 2269 937 2352 ἦν
966 2271 999 2338 ἕν
1028 2271 1071 2362 τῇ
1096 2273 1158 2340 τοῦ
1179 2265 1384 2351 πλάσματος
1403 2273 1488 2338 ὑπο-

333 2379 464 2468 στάσει,
490 2383 669 2482 ἀνελήφθη,
698 2383 757 2466 την
786 2381 957 2476 άνάληψιν
987 2387 1052 2453 τῶν
1074 2385 1319 2465 4ττνενματιιαῖιν
1348 2388 1486 2482 προφη-

332 2497 441 2567 τεύων·
468 2497 520 2568 καὶ
547 2496 636 2568 οὐδὲν
661 2495 847 2568 ἕνετόθισεν
872 2495 981 2571 αὐτοῖς
1004 2492 1048 2564 τά
1076 2497 1170 2576 σῶμα
1196 2491 1278 2591 πρὸς
1302 2493 1362 2575 την
1380 2491 1486 2576 μετά-

333 2613 424 2680 θεσιν
456 2609 509 2680 καὶ
543 2608 725 2706 ἀνάληψιν.
778 2611 833 2678 Δι’
858 2609 900 2679 cir
930 2605 997 2706 γὰρ
1027 2611 1144 2704 χειρῶν
1174 2603 1396 2688 ε’τλάσθησαν
1423 2607 1484 2688 τὴν

339 2721 347 2744 a
411 2723 419 2749 a
514 2719 523 2744 λ
607 2723 616 2748 t
741 2721 749 2744 t
876 2717 884 2743 Ι
1048 2719 1057 2744 a
1090 2719 1099 2743 a
1135 2715 1143 2742 t
1332 2713 1340 2740 Ι

332 2752 447 2818 αρχην,
475 2720 527 2791 dua
554 2753 681 2794 τουτων
711 2753 771 2802 την
799 2725 977 2803 μετάθεσιν
1004 2751 1057 2788 και
1083 2719 1254 2814 αναληψιν
1280 2719 1576 2806 huppavene-eo

332 2832 530 2916 Εἶθισμέναι
552 2831 620 2932 γάρ
640 2836 723 2917 ἦσαν
743 2834 775 2903 ἕν
792 2835 841 2922 τῷ
859 2829 973 2915 'Allo
993 2835 1029 2901 ai
1050 2841 1156 2930 χεῖρες
1179 2837 1242 2902 τοῦ
1260 2831 1348 2901 θεοῦ
1368 2833 1485 2929 ῥυθμί-

332 3005 420 3068 Deus
429 3005 528 3070 vivere
538 3005 669 3070 volebat.
701 3005 783 3086 Quid
795 3013 898 3070 antem
909 3005 947 3070 de
958 3005 1199 3071 illis⁵dicimusl
1227 3007 1484 3093 Quandoquidem

167 3128 295 3213 pppvsqqz
332 3107 443 3172 Enoch
465 3108 589 3193 placens
611 3107 681 3173 Deo
701 3107 733 3172 in
754 3131 814 3194 quo
835 3109 951 3196 placuit
971 3132 1097 3194 corpore
1120 3109 1289 3174 translatus
1306 3118 1365 3188 est,
1383 3117 1485 3174 trans·

166 3237 304 3286 suanm.
330 3206 476 3273 lationem
491 3210 647 3294 justorum
667 3221 917 3296 praemonstrans.
959 3209 1003 3274 Et
1025 3208 1145 3288 Helias,
1168 3211 1249 3276 sieut
1264 3221 1331 3275 erat
1350 3211 1383 3274 in
1403 3211 1484 3296 plas-

330 3311 424 3376 matis
437 3313 621 3389 substantia,
637 3321 794 3378 assumtus
808 3323 866 3392 est,
882 3313 1106 3378 assumtionem
1121 3318 1263 3398 ⁴patrum
1278 3315 1481 3400 prophetans:

330 3423 362 3479 et
388 3414 466 3478 nihil
495 3415 635 3499 impediit
661 3438 715 3481 eos
742 3439 853 3503 corpus
882 3417 914 3480 iu
944 3417 1177 3482 translationem
1202 3427 1235 3482 et
1261 3417 1483 3483 assumtionem

329 3539 445 3582 eorum.
494 3519 558 3584 Per
577 3519 644 3583 illas
665 3519 748 3584 enim
767 3541 887 3597 manus,
906 3541 961 3605 per
981 3541 1059 3604 quas
1080 3521 1112 3584 in
1131 3520 1220 3585 initio
1234 3521 1379 3606 plasmati
1398 3529 1481 3599 sunt,

329 3644 383 3708 per
409 3621 493 3708 ipsas
520 3623 743 3688 assumtionem
772 3631 805 3687 et
834 3623 1067 3686 translationem
1093 3633 1289 3710 acceperunt.
1335 3628 1482 3688 Assuetae

329 3725 413 3789 enim
433 3733 521 3790 erant
543 3725 576 3789 in
599 3725 704 3789 Adam
723 3745 832 3789 munus
853 3724 913 3790 Dei
933 3734 1077 3810 coaptare
1101 3735 1133 3790 et
1160 3736 1265 3790 tenere
1292 3733 1324 3790 et
1345 3726 1482 3810 bajulare

378 3889 459 3951 ¹012„
482 3891 559 3950 Vna,
584 3891 663 3939 Voss.
687 3890 877 3952 perra-notant,
931 3887 1112 3951 Damfinienr,
1127 3889 1223 3938 adeam
1235 3889 1308 3951 prior
1318 3889 1387 3938 ntea
1403 3889 1484 3938 ctam

328 3973 381 4022 An.
399 3972 454 4020 lenc
465 3971 556 4031 Ῑιιώετσ,
572 3975 679 4032 εὖέχειν,
693 3971 778 4020 achre.
931 3969 1283 4031 ilideactiptaeasauideatnr.
1318 3969 1422 4019 Graan.

376 4051 456 4102 'Aa
466 4051 628 4115 participant.
978 4050 989 4082 ⁴
1009 4052 1103 4100 Gnatam
1120 4051 1234 4100 observes
1251 4051 1307 4100 that
1320 4051 1364 4099 the
1381 4051 1483 4100 transla-

376 4132 462 4183 ³Hoeo
477 4133 560 4184 θτωεα
576 4133 611 4182 ota
624 4132 653 4180 in
668 4131 774 4183 Joannis
787 4132 880 4182 Dama·
930 4139 970 4182 tor
980 4133 1030 4182 had
1046 4134 1104 4182 here
1120 4133 1162 4182 the
1176 4133 1237 4182 false
1249 4132 1352 4195 reading
1364 4135 1481 4194 πατέρων.

326 4215 391 4262 scuni
401 4215 535 4263 Parallelis
547 4221 604 4262 sant
618 4215 698 4275 citata
714 4223 734 4263 et
747 4229 802 4263 cum
818 4213 877 4264 Cael.
930 4215 990 4262 And
1000 4217 1164 4273 πνευματικῶν
1174 4215 1221 4263 has
1229 4231 1244 4262 a
1254 4213 1371 4262 manifest
1382 4214 1483 4278 parallel

328 4293 358 4343 τό
370 4295 471 4344 Barocc.
485 4295 513 4344 in
525 4295 673 4346 Btottoaao
685 4287 823 4344 Bodleiano
834 4296 879 4345 col·
930 4299 956 4346 in
974 4299 1074 4347 δικαίων.

326 4376 385 4424 lata.
419 4376 453 4424 In
468 4376 512 4425 illo
528 4377 618 4441 quippe
635 4379 684 4440 fol.
711 4389 757 4439 150
779 4377 880 4427 halam
978 4378 1119 4438 ὅιίιέηἰαιιε,
1138 4379 1248 4426 restored
1259 4377 1324 4426 from
1335 4378 1379 4426 the
1391 4377 1479 4426 Greek.

320 4456 489 4518 srapmcntum
497 4457 562 4507 [νεα.
572 4459 602 4506 ab
609 4457 703 4506 animle
711 4474 766 4520 cap.
774 4471 795 4518 3.
804 4458 880 4507 νισὸἰε
931 4460 1067 4520 Cn.,Voss.
1077 4459 1195 4520 ditantia,
1206 4461 1257 4509 Aa.
1268 4459 1381 4521 amma,
1392 4459 1478 4508 Marc.

325 4536 452 4597 incipiens,
467 4544 487 4584 et
499 4537 581 4586 talem
592 4538 663 4600 lajra
674 4553 727 4600 cap.
743 4546 814 4600 parte
825 4555 880 4588 cunt
930 4554 960 4590 11.
974 4541 1111 4590 dicabimus.
