3292 5068
315 391 360 454 40
759 406 788 460 S.
813 405 1006 458 «IOHANNIS

150 579 205 619 rna
218 577 260 664 gu.
274 579 303 617 ιι
316 582 398 624 meo:
421 560 499 625 Sede
512 581 534 624 c
547 561 663 626 decimo
676 561 757 637 mccli,
769 560 959 647 quoadusque
967 581 1082 646 porram
1096 559 1232 623 inimicos
1244 565 1309 622 tuoe
1321 557 1469 643 suppeda-

152 669 304 758 ,fflffl
317 685 405 728 ocum
413 663 530 752 pedum
544 673 674 730 tuorum.
719 661 789 728 ¹Sic
805 663 931 749 quidem
950 685 1032 728 unus
1051 671 1084 727 et
1107 661 1190 727 idem
1209 661 1298 725 Deus
1317 669 1350 725 et
1373 659 1470 724 Pater
1482 679 1563 720 cua

155 765 304 846 -L-
317 773 376 844 est,
403 767 456 852 qui
485 789 505 832 a
533 765 693 852 prophetis
722 765 848 850 quidem
881 765 1094 841 annuntiatus,
1124 765 1165 829 ab
1196 763 1368 851 Evangelio
1396 785 1470 828 vero

317 869 461 949 traditus,
489 890 580 954 quem
606 867 775 933 Christiani
802 867 933 934 colimus
961 876 994 933 et
1020 867 1179 955 diligimus
1204 887 1245 932 ex
1270 875 1339 932 toto
1366 866 1468 946 corde,

317 971 466 1036 factorem
480 970 551 1035 coeli
566 979 599 1035 et
613 980 715 1048 terrm,
731 977 765 1034 et
779 970 917 1036 omnium
932 992 1002 1057 quae
1018 971 1051 1033 in
1065 971 1112 1034 eis
1126 977 1211 1035 sunt.

382 1077 414 1142 7.
459 1073 554 1138 Hanc
580 1073 674 1137 fidem
704 1073 912 1138 ’eunomiana
940 1072 1105 1137 Johannes
1134 1071 1262 1137 Domini
1290 1071 1468 1158 discipulus,

315 1178 421 1245 volens
435 1201 490 1264 per
505 1177 667 1266 Evangelii
687 1179 956 1244 annuntiationem
974 1179 1094 1244 auferre
1115 1199 1197 1256 eum,
1213 1177 1266 1264 qui
1280 1197 1301 1242 a
1320 1178 1469 1244 Cerintho

316 1281 519 1348 innominatus
537 1291 604 1347 erat
622 1281 800 1347 hominibus
826 1303 971 1360 errorem,
999 1290 1032 1347 et
1053 1281 1152 1346 multo
1177 1281 1263 1366 prius
1283 1281 1324 1346 ab
1345 1280 1394 1346 his
1415 1279 1469 1368 qui

316 1385 460 1450 dicuutur
476 1383 650 1462 Nicolaitae,
666 1384 718 1470 qui
733 1394 807 1450 sunt
821 1384 939 1450 8vulsio
959 1385 1027 1471 ejus
1047 1405 1117 1472 quae
1134 1383 1212 1450 lalao
1232 1385 1470 1472 cognominatur

316 1487 479 1564 ⁴soientiae,
494 1494 530 1551 ut
544 1487 746 1552 confunderet
759 1509 824 1566 eos,
839 1496 872 1552 et
889 1488 1033 1553 suaderet
1048 1487 1193 1572 quoniam
1213 1509 1293 1552 unus
1309 1488 1396 1552 Deus
1416 1487 1469 1574 qui

316 1591 421 1656 omnia
433 1589 507 1655 iecit
521 1611 577 1676 per
592 1588 733 1655 Verbum
748 1611 859 1667 suum;
876 1599 910 1656 et
920 1611 993 1670 non,
1006 1591 1265 1677 quemadmodum
1276 1591 1336 1656 lilli
1350 1591 1468 1668 dicunt,

314 1691 447 1758 alterum
469 1693 594 1780 quidem
616 1693 842 1770 fabricatorem,
865 1693 960 1758 alium
977 1703 1084 1759 autem
1103 1693 1232 1760 Patrem
1255 1691 1405 1758 Domini:
1436 1683 1469 1759 et

315 1793 411 1860 alium
433 1793 558 1881 quidem
580 1794 774 1860 fabricatoris
798 1795 906 1874 filium,
928 1795 1061 1862 alterum
1084 1817 1156 1862 vero
1179 1797 1236 1861 ⁰do
1260 1795 1469 1880 superioribus

317 1897 487 1976 Christum,
510 1919 603 1984 quem
627 1905 661 1962 et
685 1897 907 1984 impassibilem
932 1919 1153 1984 perseverasse,
1176 1898 1415 1964 descendentem
1435 1899 1469 1962 in

316 1997 340 2063 J
341 2021 429 2066 esum
443 1999 541 2065 lilium
555 1999 758 2078 fabricatoria,
773 2007 806 2065 et
821 2000 933 2065 iterum
946 2001 1100 2066 revolasse
1113 2000 1145 2064 in
1157 2022 1248 2066 suum
1257 2001 1419 2065 Pleroma:
1436 2011 1470 2066 et

315 2101 455 2167 linitium
480 2102 605 2190 quidem
629 2123 698 2168 esse
720 2123 947 2190 monogenem
977 2103 1088 2190 Logon
1115 2113 1221 2169 autem
1244 2125 1350 2169 verum
1371 2103 1480 2192 lilium·

315 2204 485 2291 unigeniti:
509 2215 542 2272 et
564 2227 635 2271 eam
657 2204 867 2271 conditionem
890 2227 960 2291 quae
990 2215 1039 2272 est
1067 2207 1237 2272 secundum
1265 2229 1334 2285 nos,
1357 2227 1420 2271 nou
1449 2197 1478 2270 a'

316 2307 416 2392 primo
431 2306 502 2372 Deo
516 2307 641 2385 factam,
656 2307 713 2372 sed
726 2328 748 2372 a
761 2307 876 2372 virtute
889 2307 993 2394 aliqua
1007 2308 1096 2374 valde
1111 2309 1254 2374 deorsum
1269 2309 1419 2394 subjecta,
1435 2317 1468 2373 et

316 2410 456 2476 abscissa
467 2410 508 2476 ab
522 2433 628 2476 eorum
643 2410 922 2476 communicatione
936 2433 1006 2498 quae
1025 2419 1099 2476 sunt
1113 2411 1277 2477 invisibilia
1290 2419 1324 2477 et
1337 2411 1469 2477 innomi·

315 2511 438 2578 nobilia
484 2511 599 2579 Omnia
633 2511 729 2601 igitur
766 2511 843 2578 talia
871 2510 1137 2578 ⁸circumsoribere
1166 2513 1272 2579 volens
1299 2513 1468 2600 discipulum

364 2745 433 2796 ¹Sic
454 2746 551 2809 quidem
573 2761 638 2796 unua
658 2753 680 2796 et
700 2745 767 2795 idem
792 2745 865 2795 Deua
897 2745 1076 2807 ,’Δπόσπασις,
1100 2745 1220 2803 drudam
1244 2751 1270 2794 ut
1286 2759 1347 2808 urps
1362 2743 1470 2807 όσφιόόιιπ

315 2829 368 2878 The
385 2829 485 2878 Ourna.
504 2828 560 2878 ΜΒ»
574 2829 620 2877 has
635 2826 670 2876 ric
686 2827 752 2876 idern
767 2833 788 2876 et
804 2841 869 2876 unua
917 2827 1088 2891 Epiphanius:
1101 2827 1206 2888 ’Δπέστη
1217 2829 1291 2878 πόλιν
1298 2829 1412 2878 θεόόστός
1422 2846 1465 2888 τις,

315 2909 389 2958 Deua.
426 2909 479 2958 'l'he
501 2909 569 2958 word
596 2907 693 2971 quidem
720 2907 813 2972 having
834 2909 868 2973 by
918 2910 1072 2969 ἀπόσπασμα
1083 2909 1289 2972 ὑπόρχωνόκπῆς
1301 2909 1469 2972 προειρημένης

316 2991 458 3040 mutilation
470 2993 569 3040 become
581 2990 652 3052 idern,
667 2993 710 3040 the
720 2991 869 3040 transm-ibet
919 2991 1139 3053 όλόγουαόρέσεως.
1170 2991 1208 3052 El,
1219 2992 1263 3039 Ἐκ
1276 2991 1468 3048 rcu'rrouotNovr

315 3075 440 3139 displaced
458 3081 485 3134 et,
503 3073 553 3122 and
572 3073 696 3122 cancellod
714 3075 756 3124 the
778 3073 868 3124 second
917 3074 1000 3133 monol,
1015 3074 1169 3131 ἀπόσπασμα
1185 3075 1251 3122 darer
1268 3073 1351 3122 αὐτοῦ.
1383 3071 1469 3119 Pras·

299 3156 387 3206 ‘idem
918 3165 974 3203 son.
992 3153 1062 3204 Ραπι.
1082 3168 1103 3202 a.
1123 3153 1219 3202 Vindio.
1232 3153 1309 3217 apio.
1325 3153 1350 3202 S.
1363 3152 1465 3216 Ifflrotii,

364 3236 804 3298 ¹annuntium...cnoumictiouem,
828 3239 867 3297 ml·
917 3235 1001 3298 σαμό.
1018 3237 1120 3284 Ganos.
1139 3235 1192 3284 'I'hc
1200 3240 1264 3284 term
1273 3235 1467 3300 pcrhapeisbor·

314 3335 403 3380 ρινγμα.
448 3319 501 3368 'I'he
530 3318 616 3384 Syriae
648 3320 746 3368 version
777 3319 806 3367 oi
840 3318 865 3368 S.
917 3319 999 3368 rowod
1016 3318 1046 3368 dc
1064 3335 1090 3368 σσ
1107 3319 1205 3378 ramice,
1224 3319 1270 3367 but
1286 3318 1307 3366 it
1323 3317 1373 3366 had
1388 3317 1470 3364 better

315 3397 403 3447 John's
419 3397 511 3463 Gospel
524 3399 595 3449 beam
606 3400 648 3449 the
664 3399 864 3464 superscription,
917 3400 981 3450 have
991 3401 1052 3450 been
1065 3400 1162 3448 written
1170 3398 1271 3448 ασαῑπίο.
1297 3397 1470 3448 Sabinclcrbo

315 3462 452 3555 liorem
498 3461 618 3568 lanso
664 3463 865 3600 &ol
914 3478 1466 3544 mormmicur‚cavuem.ru1n.u.

314 3575 407 3670 co
435 3573 556 3672 eu
591 3577 682 3670 uc
714 3606 866 3683 ean-2
917 3565 951 3613 N·
965 3563 1459 3705 ceretu

314 3689 507 3782 wit>
522 3689 646 3782 [lai-ista
665 3726 780 3775 Sanctum
788 3727 866 3774 Ecca·
966 3727 977 3758 ¹⁵
995 3727 1090 3775 Soalso
1105 3727 1245 3784 Cerinthus,
1260 3741 1285 3789 p.
1298 3739 1350 3784 111,
1365 3723 1415 3772 aud
1426 3723 1469 3771 the

312 3803 404 3865 galium
422 3805 609 3868 praedicationis
631 3805 808 3872 (κηρύγματος)
825 3809 867 3857 Jo·
917 3807 1098 3856 Valentiniana.
1134 3807 1186 3854 The
1214 3805 1377 3865 Nicolaitans,
1404 3805 1469 3852 from

314 3884 404 3934 όαπαίσ
417 3887 537 3950 preconia
552 3887 669 3952 (iripoleos)
688 3889 752 3953 quod
763 3891 867 3952 protrdit
917 3889 967 3938 this
984 3904 1094 3952 passage,
1114 3887 1196 3937 would
1213 3888 1264 3936 alac
1281 3903 1347 3936 soem
1363 3891 1390 3935 to
1406 3887 1470 3935 have

315 3981 344 4013 ασ
351 3965 497 4028 predicavit
506 3967 634 4034 (ἐκήρυξεν)
645 3969 758 4019 Graecia
765 3971 865 4032 Epheso.
917 3970 973 4020 held
981 3971 1037 4019 that
1043 3969 1167 4019 theworld
1175 3985 1225 4018 was
1233 3969 1330 4017 created
1339 3967 1467 4032 byangela.

314 4047 341 4095 It
351 4063 401 4095 was
413 4049 438 4096 in
450 4049 500 4098 this
511 4055 579 4098 town
591 4051 647 4100 that
657 4051 700 4100 the
713 4051 865 4115 Evangelut,
966 4049 977 4082 ⁸
993 4051 1023 4099 dc
1033 4051 1197 4114 superunitur
1209 4049 1341 4112 Uiriatum,
1356 4051 1397 4098 τόν
1412 4051 1469 4098 dno·

313 4129 446 4193 according
462 4135 489 4178 to
507 4130 640 4193 Isaurica,
655 4147 723 4181 emme
740 4133 793 4181 into
809 4149 865 4182 eon-
919 4135 958 4182 θεν
969 4135 1081 4196 Χριστόν.

313 4215 367 4260 tact
378 4211 439 4259 with
450 4211 591 4273 Cerinthua,
606 4230 630 4276 p.
647 4228 683 4275 13,
704 4215 755 4263 and
772 4220 799 4263 tc
816 4215 867 4264 this
967 4215 1224 4277 ⁷initium.,.flllum.
1255 4215 1319 4276 όρχὴ
1334 4213 1469 4262 waaadis·

314 4291 384 4356 place
395 4292 447 4340 also
459 4293 577 4340 tradition
589 4295 704 4357 assigned
717 4297 760 4344 the
771 4297 867 4344 honour
918 4297 1021 4345 tinotive
1042 4313 1115 4345 name
1137 4297 1165 4344 of
1185 4297 1323 4355 Μονογενὴς
1344 4311 1373 4342 οι·
1397 4295 1466 4353 Νοῦς,

314 4373 344 4421 cl
352 4373 476 4435 receiving
482 4373 525 4420 the
535 4373 584 4422 last
591 4375 676 4424 breath
684 4377 713 4424 of
717 4377 759 4424 the
768 4377 867 4425 Bleased
918 4378 977 4426 Vol.
987 4389 1004 4426 1.
1014 4393 1037 4442 9,
1045 4391 1081 4428 rc.
1105 4379 1196 4442 Logoa,
1207 4377 1337 4436 therefore,
1347 4391 1398 4424 was
1405 4376 1469 4424 from

314 4453 415 4515 Virgin.
433 4454 486 4501 Aac.
498 4467 560 4500 conc.
572 4453 634 4514 Epir.
648 4455 748 4514 Lassa,
757 4467 798 4504 111.
810 4467 864 4518 574.
919 4457 1055 4516 Μσνσγενὴς
1071 4457 1104 4519 by
1115 4457 1227 4515 liliation,
1242 4457 1292 4504 and
1308 4456 1352 4503 the
1368 4455 1469 4518 opinion

365 4533 478 4582 ’σιιὶπία
505 4533 559 4582 Hoc
580 4541 619 4595 cat,
644 4536 805 4596 ἀπόσπασμα,
831 4537 868 4585 uti
917 4537 1064 4585 statstcl.
1076 4539 1140 4596 nlla,
1154 4553 1178 4586 n.
1189 4552 1211 4598 3,
1224 4535 1467 4586 mnstbemodified.

314 4619 389 4676 ptam
402 4613 487 4662 crocu
498 4619 539 4662 ool.
549 4613 730 4673 ’Δποσπασθόν,
740 4615 865 4666 Amdaum.
919 4616 965 4665 See
976 4618 1027 4665 also
1039 4619 1097 4667 Vol.
1111 4631 1128 4668 1.
1144 4633 1198 4679 312,
1213 4635 1237 4668 n.
1251 4633 1273 4667 α.
