<?xml version="1.0" encoding="UTF-8"?>
<!DOCTYPE html PUBLIC "-//W3C//DTD XHTML 1.0 Transitional//EN"
    "http://www.w3.org/TR/xhtml1/DTD/xhtml1-transitional.dtd">
<html xmlns="http://www.w3.org/1999/xhtml" xml:lang="en" lang="en">
 <head>
  <title>
</title>
<meta http-equiv="Content-Type" content="text/html;charset=utf-8" />
  <meta name='ocr-system' content='tesseract 3.04.00' />
  <meta name='ocr-capabilities' content='ocr_page ocr_carea ocr_par ocr_line ocrx_word'/>
</head>
<body>
  <div class='ocr_page' id='page_1' title='image "./sanctiirenaeili00irengoog_0124.png"; bbox 0 0 3334 5070; ppageno 0'>
   <div class='ocr_carea' id='block_1_1' title="bbox 547 379 1356 452">
    <p class='ocr_par' dir='ltr' id='par_1_1' title="bbox 547 379 1356 452">
     <span class='ocr_line' id='line_1_1' title="bbox 547 379 1356 452; baseline -0.007 -3"><span class='ocrx_word' id='word_1_1' title='bbox 547 397 687 452; x_wconf 73' lang='lat' dir='ltr'><strong>vanam</strong></span> <span class='ocrx_word' id='word_1_2' title='bbox 715 396 1008 450; x_wconf 76' lang='lat' dir='ltr'>ALEXANDRINA.</span> <span class='ocrx_word' id='word_1_3' title='bbox 1290 379 1356 444; x_wconf 89' lang='lat' dir='ltr'><strong>ll3</strong></span> 
     </span>
    </p>
   </div>
   <div class='ocr_carea' id='block_1_2' title="bbox 201 549 1499 656">
    <p class='ocr_par' dir='ltr' id='par_1_2' title="bbox 201 549 1499 656">
     <span class='ocr_line' id='line_1_2' title="bbox 201 549 1499 656; baseline -0.004 -30"><span class='ocrx_word' id='word_1_4' title='bbox 201 587 292 628; x_wconf 91' lang='grc' dir='ltr'>σατο</span> <span class='ocrx_word' id='word_1_5' title='bbox 313 553 407 656; x_wconf 75' lang='grc' dir='ltr'>παρὰ</span> <span class='ocrx_word' id='word_1_6' title='bbox 433 561 497 628; x_wconf 74' lang='grc' dir='ltr'><strong>τῶν</strong></span> <span class='ocrx_word' id='word_1_7' title='bbox 522 556 799 655; x_wconf 75' lang='grc' dir='ltr'>Ἱεροσολυμιτῶν</span> <span class='ocrx_word' id='word_1_8' title='bbox 822 557 864 634; x_wconf 86' lang='grc' dir='ltr'><strong>είς</strong></span> <span class='ocrx_word' id='word_1_9' title='bbox 888 556 948 638; x_wconf 74' lang='grc' dir='ltr'><strong>τὴν</strong></span> <span class='ocrx_word' id='word_1_10' title='bbox 964 552 1163 636; x_wconf 69' lang='grc' dir='ltr'>Ἑλληνικὴν</span> <span class='ocrx_word' id='word_1_11' title='bbox 1181 549 1355 625; x_wconf 69' lang='grc' dir='ltr'>διάλεκτον</span> <span class='ocrx_word' id='word_1_12' title='bbox 1395 569 1499 655; x_wconf 49' lang='lat' dir='ltr'><strong>Qvilss·</strong></span> 
     </span>
    </p>
   </div>
   <div class='ocr_carea' id='block_1_3' title="bbox 106 663 1519 768">
    <p class='ocr_par' dir='ltr' id='par_1_3' title="bbox 106 663 1519 768">
     <span class='ocr_line' id='line_1_3' title="bbox 106 663 1519 768; baseline 0.003 -37"><span class='ocrx_word' id='word_1_13' title='bbox 106 693 179 734; x_wconf 80' lang='lat' dir='ltr'><strong>aua</strong></span> <span class='ocrx_word' id='word_1_14' title='bbox 201 680 296 765; x_wconf 86' lang='grc' dir='ltr'>σχεῖν</span> <span class='ocrx_word' id='word_1_15' title='bbox 317 670 423 741; x_wconf 69' lang='grc' dir='ltr'>αὐτῶν</span> <span class='ocrx_word' id='word_1_16' title='bbox 444 669 762 756; x_wconf 79' lang='grc' dir='ltr'><strong>Ῑμεταβεβλημένας</strong></span> <span class='ocrx_word' id='word_1_17' title='bbox 784 666 845 746; x_wconf 78' lang='grc' dir='ltr'>τὰς</span> <span class='ocrx_word' id='word_1_18' title='bbox 864 664 1011 768; x_wconf 77' lang='grc' dir='ltr'>γραφάς.</span> <span class='ocrx_word' id='word_1_19' title='bbox 1061 666 1109 738; x_wconf 83' lang='lat' dir='ltr'><strong>Oi</strong></span> <span class='ocrx_word' id='word_1_20' title='bbox 1131 664 1174 751; x_wconf 72' lang='lat' dir='ltr'><strong>dd,</strong></span> <span class='ocrx_word' id='word_1_21' title='bbox 1195 666 1354 750; x_wconf 75' lang='grc' dir='ltr'>ὑπήκουον</span> <span class='ocrx_word' id='word_1_22' title='bbox 1366 663 1519 750; x_wconf 62' lang='grc' dir='ltr'><strong>Ἥὲὲῖἧῖ·</strong></span> 
     </span>
    </p>
   </div>
   <div class='ocr_carea' id='block_1_4' title="bbox 191 757 1514 1890">
    <p class='ocr_par' dir='ltr' id='par_1_4' title="bbox 191 757 1514 1890">
     <span class='ocr_line' id='line_1_4' title="bbox 199 757 1514 880; baseline -0.001 -29"><span class='ocrx_word' id='word_1_23' title='bbox 199 779 269 880; x_wconf 73' lang='grc' dir='ltr'><strong>γὰρ</strong></span> <span class='ocrx_word' id='word_1_24' title='bbox 298 782 349 854; x_wconf 78' lang='grc' dir='ltr'><strong>ἔτι</strong></span> <span class='ocrx_word' id='word_1_25' title='bbox 383 791 457 860; x_wconf 85' lang='grc' dir='ltr'>τοῖς</span> <span class='ocrx_word' id='word_1_26' title='bbox 486 779 662 852; x_wconf 72' lang='grc' dir='ltr'>Μακεδόσι</span> <span class='ocrx_word' id='word_1_27' title='bbox 700 782 793 866; x_wconf 86' lang='grc' dir='ltr'>τότε,</span> <span class='ocrx_word' id='word_1_28' title='bbox 828 780 905 858; x_wconf 73' lang='grc' dir='ltr'>τοὺς</span> <span class='ocrx_word' id='word_1_29' title='bbox 937 781 1018 879; x_wconf 87' lang='grc' dir='ltr'>παρ’</span> <span class='ocrx_word' id='word_1_30' title='bbox 1049 779 1161 856; x_wconf 74' lang='grc' dir='ltr'>αὐτοῖς</span> <span class='ocrx_word' id='word_1_31' title='bbox 1198 779 1353 878; x_wconf 78' lang='grc' dir='ltr'>ἔμπειρα·</span> <span class='ocrx_word' id='word_1_32' title='bbox 1368 757 1514 838; x_wconf 47' lang='grc' dir='ltr'><strong>-Χ-Ὴζίζ-</strong></span> 
     </span>
     <span class='ocr_line' id='line_1_5' title="bbox 197 889 1352 993; baseline -0.001 -29"><span class='ocrx_word' id='word_1_33' title='bbox 197 891 321 972; x_wconf 86' lang='grc' dir='ltr'>τείτους</span> <span class='ocrx_word' id='word_1_34' title='bbox 349 899 416 966; x_wconf 85' lang='grc' dir='ltr'><strong>τῶν</strong></span> <span class='ocrx_word' id='word_1_35' title='bbox 443 899 586 992; x_wconf 77' lang='grc' dir='ltr'>γραφῶν</span> <span class='ocrx_word' id='word_1_36' title='bbox 610 893 664 964; x_wconf 79' lang='grc' dir='ltr'>καί</span> <span class='ocrx_word' id='word_1_37' title='bbox 704 893 906 993; x_wconf 79' lang='grc' dir='ltr'>ἀμφοτέρων</span> <span class='ocrx_word' id='word_1_38' title='bbox 939 897 1006 964; x_wconf 81' lang='grc' dir='ltr'><strong>τῶν</strong></span> <span class='ocrx_word' id='word_1_39' title='bbox 1032 889 1209 964; x_wconf 75' lang='grc' dir='ltr'>διαλέκτων</span> <span class='ocrx_word' id='word_1_40' title='bbox 1234 889 1352 980; x_wconf 68' lang='lat' dir='ltr'><strong>²issdo·</strong></span> 
     </span>
     <span class='ocr_line' id='line_1_6' title="bbox 196 1005 1353 1106; baseline -0.002 -30"><span class='ocrx_word' id='word_1_41' title='bbox 196 1005 344 1090; x_wconf 74' lang='grc' dir='ltr'>μήκοντα</span> <span class='ocrx_word' id='word_1_42' title='bbox 368 1007 617 1106; x_wconf 74' lang='grc' dir='ltr'>πρεσβυτέρους</span> <span class='ocrx_word' id='word_1_43' title='bbox 641 1007 802 1102; x_wconf 67' lang='grc' dir='ltr'>ἔπεμψαν</span> <span class='ocrx_word' id='word_1_44' title='bbox 823 1005 1038 1095; x_wconf 78' lang='grc' dir='ltr'>Πτολεμαίῳ,</span> <span class='ocrx_word' id='word_1_45' title='bbox 1066 1006 1268 1087; x_wconf 77' lang='grc' dir='ltr'>ποιήσαντος</span> <span class='ocrx_word' id='word_1_46' title='bbox 1289 1011 1353 1076; x_wconf 78' lang='grc' dir='ltr'><strong>τοῦ</strong></span> 
     </span>
     <span class='ocr_line' id='line_1_7' title="bbox 197 1116 1351 1216; baseline -0.001 -29"><span class='ocrx_word' id='word_1_47' title='bbox 197 1118 286 1190; x_wconf 80' lang='grc' dir='ltr'>θεοῦ</span> <span class='ocrx_word' id='word_1_48' title='bbox 311 1119 395 1216; x_wconf 83' lang='grc' dir='ltr'>ὅπερ</span> <span class='ocrx_word' id='word_1_49' title='bbox 421 1119 596 1206; x_wconf 78' lang='grc' dir='ltr'>ἐβούλετο.</span> <span class='ocrx_word' id='word_1_50' title='bbox 634 1119 680 1189; x_wconf 79' lang='lat' dir='ltr'><strong>‘O</strong></span> <span class='ocrx_word' id='word_1_51' title='bbox 699 1116 733 1188; x_wconf 75' lang='lat' dir='ltr'><strong>dei</strong></span> <span class='ocrx_word' id='word_1_52' title='bbox 758 1116 824 1210; x_wconf 73' lang='grc' dir='ltr'>ἰδίᾳ</span> <span class='ocrx_word' id='word_1_53' title='bbox 851 1129 968 1214; x_wconf 83' lang='grc' dir='ltr'>πεῖραν</span> <span class='ocrx_word' id='word_1_54' title='bbox 990 1119 1096 1188; x_wconf 75' lang='grc' dir='ltr'>αὐτῶν</span> <span class='ocrx_word' id='word_1_55' title='bbox 1118 1118 1238 1204; x_wconf 83' lang='grc' dir='ltr'>λαβεῖν</span> <span class='ocrx_word' id='word_1_56' title='bbox 1255 1117 1351 1200; x_wconf 73' lang='grc' dir='ltr'>θελή-</span> 
     </span>
     <span class='ocr_line' id='line_1_8' title="bbox 196 1228 1351 1329; baseline -0.002 -29"><span class='ocrx_word' id='word_1_57' title='bbox 196 1261 267 1316; x_wconf 91' lang='grc' dir='ltr'>σας,</span> <span class='ocrx_word' id='word_1_58' title='bbox 305 1231 497 1318; x_wconf 76' lang='grc' dir='ltr'>εὖλαβηθείς</span> <span class='ocrx_word' id='word_1_59' title='bbox 529 1263 570 1303; x_wconf 90' lang='grc' dir='ltr'>τε</span> <span class='ocrx_word' id='word_1_60' title='bbox 601 1233 681 1313; x_wconf 69' lang='grc' dir='ltr'>μήτε</span> <span class='ocrx_word' id='word_1_61' title='bbox 716 1228 782 1329; x_wconf 77' lang='grc' dir='ltr'>ἄρα</span> <span class='ocrx_word' id='word_1_62' title='bbox 818 1231 1005 1312; x_wconf 80' lang='grc' dir='ltr'>συνθέμενοι</span> <span class='ocrx_word' id='word_1_63' title='bbox 1036 1229 1262 1327; x_wconf 73' lang='grc' dir='ltr'>ἀποκρύψωσι</span> <span class='ocrx_word' id='word_1_64' title='bbox 1289 1230 1351 1312; x_wconf 71' lang='grc' dir='ltr'><strong>τὴν</strong></span> 
     </span>
     <span class='ocr_line' id='line_1_9' title="bbox 194 1339 1350 1442; baseline -0.001 -31"><span class='ocrx_word' id='word_1_65' title='bbox 194 1343 228 1412; x_wconf 77' lang='grc' dir='ltr'><strong>ἐν</strong></span> <span class='ocrx_word' id='word_1_66' title='bbox 257 1353 331 1420; x_wconf 84' lang='grc' dir='ltr'>ταῖς</span> <span class='ocrx_word' id='word_1_67' title='bbox 360 1349 511 1442; x_wconf 77' lang='grc' dir='ltr'>γραφαῖς</span> <span class='ocrx_word' id='word_1_68' title='bbox 540 1341 593 1413; x_wconf 76' lang='lat' dir='ltr'><strong>dud</strong></span> <span class='ocrx_word' id='word_1_69' title='bbox 622 1351 681 1426; x_wconf 76' lang='grc' dir='ltr'>τῆς</span> <span class='ocrx_word' id='word_1_70' title='bbox 712 1343 877 1441; x_wconf 72' lang='grc' dir='ltr'>ἑρμηνείας</span> <span class='ocrx_word' id='word_1_71' title='bbox 904 1339 1069 1425; x_wconf 70' lang='grc' dir='ltr'>ἀλήθειαν,</span> <span class='ocrx_word' id='word_1_72' title='bbox 1100 1342 1267 1440; x_wconf 73' lang='grc' dir='ltr'>3χωρίσας</span> <span class='ocrx_word' id='word_1_73' title='bbox 1296 1343 1350 1411; x_wconf 79' lang='grc' dir='ltr'>αὖ·</span> 
     </span>
     <span class='ocr_line' id='line_1_10' title="bbox 195 1452 1349 1552; baseline -0.004 -26"><span class='ocrx_word' id='word_1_74' title='bbox 195 1455 272 1534; x_wconf 75' lang='grc' dir='ltr'>τοὺς</span> <span class='ocrx_word' id='word_1_75' title='bbox 301 1456 361 1526; x_wconf 87' lang='grc' dir='ltr'><strong>ἆτ’</strong></span> <span class='ocrx_word' id='word_1_76' title='bbox 392 1454 558 1540; x_wconf 79' lang='grc' dir='ltr'>ἆλλνίλων,</span> <span class='ocrx_word' id='word_1_77' title='bbox 592 1455 742 1526; x_wconf 70' lang='grc' dir='ltr'>ἐκέλευσε</span> <span class='ocrx_word' id='word_1_78' title='bbox 769 1453 846 1532; x_wconf 78' lang='grc' dir='ltr'>τοὺς</span> <span class='ocrx_word' id='word_1_79' title='bbox 875 1452 1003 1530; x_wconf 80' lang='grc' dir='ltr'>πάντας</span> <span class='ocrx_word' id='word_1_80' title='bbox 1033 1454 1094 1536; x_wconf 75' lang='grc' dir='ltr'><strong>τὴν</strong></span> <span class='ocrx_word' id='word_1_81' title='bbox 1126 1453 1226 1536; x_wconf 74' lang='grc' dir='ltr'>αὐτὴν</span> <span class='ocrx_word' id='word_1_82' title='bbox 1252 1454 1349 1552; x_wconf 81' lang='grc' dir='ltr'>ἑρμη-</span> 
     </span>
     <span class='ocr_line' id='line_1_11' title="bbox 194 1563 1346 1668; baseline -0.003 -30"><span class='ocrx_word' id='word_1_83' title='bbox 194 1569 279 1639; x_wconf 87' lang='grc' dir='ltr'>νείαν</span> <span class='ocrx_word' id='word_1_84' title='bbox 309 1565 464 1668; x_wconf 77' lang='grc' dir='ltr'>γράφειν·</span> <span class='ocrx_word' id='word_1_85' title='bbox 492 1569 546 1640; x_wconf 80' lang='grc' dir='ltr'>καί</span> <span class='ocrx_word' id='word_1_86' title='bbox 571 1570 667 1640; x_wconf 78' lang='grc' dir='ltr'>τοῦτ’</span> <span class='ocrx_word' id='word_1_87' title='bbox 691 1567 745 1637; x_wconf 82' lang='grc' dir='ltr'>ε’πί</span> <span class='ocrx_word' id='word_1_88' title='bbox 773 1563 905 1638; x_wconf 88' lang='grc' dir='ltr'>πιίνπων</span> <span class='ocrx_word' id='word_1_89' title='bbox 933 1571 999 1639; x_wconf 81' lang='grc' dir='ltr'><strong>τῶν</strong></span> <span class='ocrx_word' id='word_1_90' title='bbox 1025 1565 1173 1654; x_wconf 78' lang='grc' dir='ltr'>βιβλίων</span> <span class='ocrx_word' id='word_1_91' title='bbox 1201 1566 1346 1648; x_wconf 80' lang='grc' dir='ltr'>ἐποίησε.</span> 
     </span>
     <span class='ocr_line' id='line_1_12' title="bbox 193 1676 1346 1778; baseline -0.002 -28"><span class='ocrx_word' id='word_1_92' title='bbox 193 1679 428 1753; x_wconf 86' lang='grc' dir='ltr'>Συνελθόντων</span> <span class='ocrx_word' id='word_1_93' title='bbox 455 1679 490 1751; x_wconf 74' lang='grc' dir='ltr'><strong>δὲ</strong></span> <span class='ocrx_word' id='word_1_94' title='bbox 520 1681 626 1752; x_wconf 68' lang='grc' dir='ltr'>αὐτῶν</span> <span class='ocrx_word' id='word_1_95' title='bbox 656 1679 711 1750; x_wconf 80' lang='grc' dir='ltr'>ε’πί</span> <span class='ocrx_word' id='word_1_96' title='bbox 740 1677 783 1750; x_wconf 77' lang='grc' dir='ltr'><strong>τί)</strong></span> <span class='ocrx_word' id='word_1_97' title='bbox 810 1679 892 1751; x_wconf 77' lang='lat' dir='ltr'><strong>adr-d</strong></span> <span class='ocrx_word' id='word_1_98' title='bbox 922 1676 1015 1778; x_wconf 78' lang='grc' dir='ltr'>παρὰ</span> <span class='ocrx_word' id='word_1_99' title='bbox 1045 1685 1099 1768; x_wconf 75' lang='grc' dir='ltr'><strong>τῷ</strong></span> <span class='ocrx_word' id='word_1_100' title='bbox 1129 1678 1346 1768; x_wconf 84' lang='grc' dir='ltr'>Πτολεμαίῳ,</span> 
     </span>
     <span class='ocr_line' id='line_1_13' title="bbox 191 1789 1347 1890; baseline -0.003 -27"><span class='ocrx_word' id='word_1_101' title='bbox 191 1793 246 1864; x_wconf 81' lang='grc' dir='ltr'>καί</span> <span class='ocrx_word' id='word_1_102' title='bbox 274 1795 587 1882; x_wconf 84' lang='grc' dir='ltr'>συναντιβαλόνπων</span> <span class='ocrx_word' id='word_1_103' title='bbox 618 1789 761 1864; x_wconf 73' lang='grc' dir='ltr'>ἕκαστον</span> <span class='ocrx_word' id='word_1_104' title='bbox 792 1792 852 1875; x_wconf 73' lang='grc' dir='ltr'><strong>τὴν</strong></span> <span class='ocrx_word' id='word_1_105' title='bbox 886 1793 1004 1864; x_wconf 82' lang='grc' dir='ltr'>ἑαυτοῦ</span> <span class='ocrx_word' id='word_1_106' title='bbox 1034 1789 1209 1890; x_wconf 79' lang='grc' dir='ltr'>ἑρμηνείαν,</span> <span class='ocrx_word' id='word_1_107' title='bbox 1240 1793 1258 1862; x_wconf 90' lang='grc' dir='ltr'>ὁ</span> <span class='ocrx_word' id='word_1_108' title='bbox 1287 1789 1347 1875; x_wconf 82' lang='grc' dir='ltr'><strong>μὲν</strong></span> 
     </span>
    </p>
   </div>
   <div class='ocr_carea' id='block_1_5' title="bbox 188 1961 1347 2976">
    <p class='ocr_par' dir='ltr' id='par_1_5' title="bbox 188 1961 1347 2976">
     <span class='ocr_line' id='line_1_14' title="bbox 190 1961 1347 2050; baseline -0.001 -20"><span class='ocrx_word' id='word_1_109' title='bbox 190 1965 382 2050; x_wconf 82' lang='lat' dir='ltr'><strong>rosolymitis</strong></span> <span class='ocrx_word' id='word_1_110' title='bbox 396 1965 429 2030; x_wconf 93' lang='lat' dir='ltr'><strong>in</strong></span> <span class='ocrx_word' id='word_1_111' title='bbox 445 1965 592 2030; x_wconf 82' lang='lat' dir='ltr'><strong>Graecum</strong></span> <span class='ocrx_word' id='word_1_112' title='bbox 607 1985 783 2030; x_wconf 86' lang='lat' dir='ltr'><strong>sermonem</strong></span> <span class='ocrx_word' id='word_1_113' title='bbox 803 1963 1023 2049; x_wconf 84' lang='lat' dir='ltr'><strong>interpretatas</strong></span> <span class='ocrx_word' id='word_1_114' title='bbox 1037 1961 1151 2027; x_wconf 86' lang='lat' dir='ltr'><strong>habere</strong></span> <span class='ocrx_word' id='word_1_115' title='bbox 1170 1962 1347 2048; x_wconf 78' lang='lat' dir='ltr'><strong>Scripturas</strong></span> 
     </span>
     <span class='ocr_line' id='line_1_15' title="bbox 190 2065 1346 2147; baseline -0.002 -15"><span class='ocrx_word' id='word_1_116' title='bbox 190 2089 311 2132; x_wconf 89' lang='lat' dir='ltr'><strong>eorum.</strong></span> <span class='ocrx_word' id='word_1_117' title='bbox 366 2067 415 2131; x_wconf 95' lang='lat' dir='ltr'><strong>Illi</strong></span> <span class='ocrx_word' id='word_1_118' title='bbox 441 2089 524 2147; x_wconf 88' lang='lat' dir='ltr'><strong>vero,</strong></span> <span class='ocrx_word' id='word_1_119' title='bbox 551 2066 738 2132; x_wconf 82' lang='lat' dir='ltr'><strong>obediebant</strong></span> <span class='ocrx_word' id='word_1_120' title='bbox 764 2065 849 2130; x_wconf 91' lang='lat' dir='ltr'><strong>enirn</strong></span> <span class='ocrx_word' id='word_1_121' title='bbox 877 2073 953 2131; x_wconf 91' lang='lat' dir='ltr'><strong>tunc</strong></span> <span class='ocrx_word' id='word_1_122' title='bbox 980 2065 1082 2130; x_wconf 89' lang='lat' dir='ltr'><strong>adbuc</strong></span> <span class='ocrx_word' id='word_1_123' title='bbox 1108 2065 1346 2144; x_wconf 77' lang='lat' dir='ltr'>Macedonibus,</span> 
     </span>
     <span class='ocr_line' id='line_1_16' title="bbox 190 2167 1346 2256; baseline -0.003 -21"><span class='ocrx_word' id='word_1_124' title='bbox 190 2193 247 2236; x_wconf 87' lang='lat' dir='ltr'><strong>eos</strong></span> <span class='ocrx_word' id='word_1_125' title='bbox 263 2191 341 2256; x_wconf 90' lang='lat' dir='ltr'><strong>quos</strong></span> <span class='ocrx_word' id='word_1_126' title='bbox 352 2169 509 2235; x_wconf 74' lang='lat' dir='ltr'><strong>habebant</strong></span> <span class='ocrx_word' id='word_1_127' title='bbox 523 2169 724 2256; x_wconf 80' lang='lat' dir='ltr'><strong>perfectiores</strong></span> <span class='ocrx_word' id='word_1_128' title='bbox 737 2167 967 2253; x_wconf 78' lang='lat' dir='ltr'><strong>scripturarum</strong></span> <span class='ocrx_word' id='word_1_129' title='bbox 982 2167 1200 2244; x_wconf 83' lang='lat' dir='ltr'><strong>intellectores,</strong></span> <span class='ocrx_word' id='word_1_130' title='bbox 1220 2179 1253 2232; x_wconf 88' lang='lat' dir='ltr'><strong>et</strong></span> <span class='ocrx_word' id='word_1_131' title='bbox 1270 2167 1346 2232; x_wconf 90' lang='lat' dir='ltr'><strong>utri·</strong></span> 
     </span>
     <span class='ocr_line' id='line_1_17' title="bbox 190 2269 1347 2358; baseline 0 -22"><span class='ocrx_word' id='word_1_132' title='bbox 190 2295 292 2358; x_wconf 81' lang='lat' dir='ltr'><strong>usque</strong></span> <span class='ocrx_word' id='word_1_133' title='bbox 306 2272 445 2357; x_wconf 78' lang='lat' dir='ltr'><strong>loquelae,</strong></span> <span class='ocrx_word' id='word_1_134' title='bbox 460 2271 660 2358; x_wconf 81' lang='lat' dir='ltr'><strong>septuaginta</strong></span> <span class='ocrx_word' id='word_1_135' title='bbox 674 2271 811 2336; x_wconf 79' lang='lat' dir='ltr'><strong>seniores</strong></span> <span class='ocrx_word' id='word_1_136' title='bbox 826 2270 977 2334; x_wconf 89' lang='lat' dir='ltr'><strong>miserunt</strong></span> <span class='ocrx_word' id='word_1_137' title='bbox 995 2269 1168 2335; x_wconf 74' lang='lat' dir='ltr'><strong>Ptolemaeo</strong></span> <span class='ocrx_word' id='word_1_138' title='bbox 1188 2271 1347 2336; x_wconf 86' lang='lat' dir='ltr'><strong>⁴facturos</strong></span> 
     </span>
     <span class='ocr_line' id='line_1_18' title="bbox 189 2373 1347 2461; baseline 0.002 -23"><span class='ocrx_word' id='word_1_139' title='bbox 189 2373 253 2440; x_wconf 88' lang='lat' dir='ltr'><strong>hoc</strong></span> <span class='ocrx_word' id='word_1_140' title='bbox 268 2375 351 2461; x_wconf 92' lang='lat' dir='ltr'><strong>qnod</strong></span> <span class='ocrx_word' id='word_1_141' title='bbox 366 2374 432 2460; x_wconf 85' lang='lat' dir='ltr'><strong>ipse</strong></span> <span class='ocrx_word' id='word_1_142' title='bbox 447 2375 605 2440; x_wconf 87' lang='lat' dir='ltr'><strong>voluisset.</strong></span> <span class='ocrx_word' id='word_1_143' title='bbox 651 2373 713 2438; x_wconf 91' lang='lat' dir='ltr'><strong>Ille</strong></span> <span class='ocrx_word' id='word_1_144' title='bbox 722 2383 828 2438; x_wconf 89' lang='lat' dir='ltr'><strong>autem</strong></span> <span class='ocrx_word' id='word_1_145' title='bbox 843 2373 1088 2457; x_wconf 87' lang='lat' dir='ltr'><strong>experimentum</strong></span> <span class='ocrx_word' id='word_1_146' title='bbox 1102 2395 1210 2436; x_wconf 89' lang='lat' dir='ltr'><strong>eorum</strong></span> <span class='ocrx_word' id='word_1_147' title='bbox 1224 2395 1347 2440; x_wconf 87' lang='lat' dir='ltr'><strong>sumere</strong></span> 
     </span>
     <span class='ocr_line' id='line_1_19' title="bbox 190 2475 1346 2564; baseline -0.002 -22"><span class='ocrx_word' id='word_1_148' title='bbox 190 2477 308 2556; x_wconf 87' lang='lat' dir='ltr'><strong>volens,</strong></span> <span class='ocrx_word' id='word_1_149' title='bbox 333 2485 366 2542; x_wconf 87' lang='lat' dir='ltr'><strong>et</strong></span> <span class='ocrx_word' id='word_1_150' title='bbox 391 2486 534 2542; x_wconf 89' lang='lat' dir='ltr'><strong>metuens</strong></span> <span class='ocrx_word' id='word_1_151' title='bbox 558 2499 598 2542; x_wconf 90' lang='lat' dir='ltr'><strong>ne</strong></span> <span class='ocrx_word' id='word_1_152' title='bbox 623 2477 704 2541; x_wconf 85' lang='lat' dir='ltr'><strong>forte</strong></span> <span class='ocrx_word' id='word_1_153' title='bbox 729 2475 969 2553; x_wconf 88' lang='lat' dir='ltr'><strong>consentientes,</strong></span> <span class='ocrx_word' id='word_1_154' title='bbox 997 2497 1066 2540; x_wconf 88' lang='lat' dir='ltr'><strong>eam</strong></span> <span class='ocrx_word' id='word_1_155' title='bbox 1092 2476 1255 2540; x_wconf 84' lang='lat' dir='ltr'><strong>veritatem</strong></span> <span class='ocrx_word' id='word_1_156' title='bbox 1276 2499 1346 2564; x_wconf 82' lang='lat' dir='ltr'><strong>quae</strong></span> 
     </span>
     <span class='ocr_line' id='line_1_20' title="bbox 190 2577 1346 2665; baseline -0.001 -20"><span class='ocrx_word' id='word_1_157' title='bbox 190 2588 278 2646; x_wconf 86' lang='lat' dir='ltr'><strong>esset</strong></span> <span class='ocrx_word' id='word_1_158' title='bbox 296 2580 330 2644; x_wconf 93' lang='lat' dir='ltr'><strong>in</strong></span> <span class='ocrx_word' id='word_1_159' title='bbox 349 2579 528 2664; x_wconf 89' lang='lat' dir='ltr'><strong>Scripturis‚</strong></span> <span class='ocrx_word' id='word_1_160' title='bbox 552 2578 779 2644; x_wconf 85' lang='lat' dir='ltr'><strong>absconderent</strong></span> <span class='ocrx_word' id='word_1_161' title='bbox 802 2599 858 2662; x_wconf 92' lang='lat' dir='ltr'><strong>per</strong></span> <span class='ocrx_word' id='word_1_162' title='bbox 881 2577 1178 2664; x_wconf 83' lang='lat' dir='ltr'><strong>interpretationem,</strong></span> <span class='ocrx_word' id='word_1_163' title='bbox 1199 2600 1346 2665; x_wconf 87' lang='lat' dir='ltr'><strong>separans</strong></span> 
     </span>
     <span class='ocr_line' id='line_1_21' title="bbox 189 2680 1347 2768; baseline -0.001 -19"><span class='ocrx_word' id='word_1_164' title='bbox 189 2706 247 2749; x_wconf 89' lang='lat' dir='ltr'><strong>eos</strong></span> <span class='ocrx_word' id='word_1_165' title='bbox 262 2683 458 2761; x_wconf 87' lang='lat' dir='ltr'><strong>abinvicem,</strong></span> <span class='ocrx_word' id='word_1_166' title='bbox 479 2681 574 2768; x_wconf 89' lang='lat' dir='ltr'><strong>jussit</strong></span> <span class='ocrx_word' id='word_1_167' title='bbox 589 2703 698 2748; x_wconf 90' lang='lat' dir='ltr'><strong>omnes</strong></span> <span class='ocrx_word' id='word_1_168' title='bbox 718 2681 850 2746; x_wconf 89' lang='lat' dir='ltr'><strong>eandem</strong></span> <span class='ocrx_word' id='word_1_169' title='bbox 867 2681 1064 2766; x_wconf 86' lang='lat' dir='ltr'><strong>interpretari</strong></span> <span class='ocrx_word' id='word_1_170' title='bbox 1080 2680 1290 2767; x_wconf 83' lang='lat' dir='ltr'><strong>Scripturam:</strong></span> <span class='ocrx_word' id='word_1_171' title='bbox 1314 2693 1347 2748; x_wconf 88' lang='lat' dir='ltr'><strong>et</strong></span> 
     </span>
     <span class='ocr_line' id='line_1_22' title="bbox 188 2783 1347 2869; baseline -0.003 -15"><span class='ocrx_word' id='word_1_172' title='bbox 188 2789 253 2854; x_wconf 90' lang='lat' dir='ltr'><strong>boc</strong></span> <span class='ocrx_word' id='word_1_173' title='bbox 267 2788 299 2852; x_wconf 94' lang='lat' dir='ltr'><strong>in</strong></span> <span class='ocrx_word' id='word_1_174' title='bbox 314 2787 458 2852; x_wconf 86' lang='lat' dir='ltr'><strong>omnibus</strong></span> <span class='ocrx_word' id='word_1_175' title='bbox 471 2786 558 2851; x_wconf 90' lang='lat' dir='ltr'><strong>libris</strong></span> <span class='ocrx_word' id='word_1_176' title='bbox 572 2785 655 2852; x_wconf 84' lang='lat' dir='ltr'><strong>fecit.</strong></span> <span class='ocrx_word' id='word_1_177' title='bbox 703 2783 966 2851; x_wconf 87' lang='lat' dir='ltr'><strong>Convenientibus</strong></span> <span class='ocrx_word' id='word_1_178' title='bbox 984 2793 1090 2848; x_wconf 89' lang='lat' dir='ltr'><strong>autem</strong></span> <span class='ocrx_word' id='word_1_179' title='bbox 1111 2784 1188 2869; x_wconf 89' lang='lat' dir='ltr'><strong>ipsis</strong></span> <span class='ocrx_word' id='word_1_180' title='bbox 1202 2784 1236 2848; x_wconf 94' lang='lat' dir='ltr'><strong>in</strong></span> <span class='ocrx_word' id='word_1_181' title='bbox 1250 2807 1347 2851; x_wconf 90' lang='lat' dir='ltr'><strong>unum</strong></span> 
     </span>
     <span class='ocr_line' id='line_1_23' title="bbox 188 2885 1347 2976; baseline -0.001 -21"><span class='ocrx_word' id='word_1_182' title='bbox 188 2889 277 2976; x_wconf 90' lang='lat' dir='ltr'><strong>apud</strong></span> <span class='ocrx_word' id='word_1_183' title='bbox 299 2890 515 2969; x_wconf 84' lang='lat' dir='ltr'><strong>Ptolemaeum,</strong></span> <span class='ocrx_word' id='word_1_184' title='bbox 538 2898 571 2954; x_wconf 91' lang='lat' dir='ltr'><strong>et</strong></span> <span class='ocrx_word' id='word_1_185' title='bbox 590 2886 841 2974; x_wconf 86' lang='lat' dir='ltr'><strong>comparantibus</strong></span> <span class='ocrx_word' id='word_1_186' title='bbox 862 2907 936 2950; x_wconf 87' lang='lat' dir='ltr'><strong>suas</strong></span> <span class='ocrx_word' id='word_1_187' title='bbox 953 2885 1233 2972; x_wconf 90' lang='lat' dir='ltr'><strong>interpretationes,</strong></span> <span class='ocrx_word' id='word_1_188' title='bbox 1258 2888 1347 2954; x_wconf 88' lang='lat' dir='ltr'><strong>Deus</strong></span> 
     </span>
    </p>
   </div>
   <div class='ocr_carea' id='block_1_6' title="bbox 147 3050 1348 4662">
    <p class='ocr_par' dir='ltr' id='par_1_6' title="bbox 147 3050 1348 4662">
     <span class='ocr_line' id='line_1_24' title="bbox 239 3050 1347 3120; baseline 0 -16"><span class='ocrx_word' id='word_1_189' title='bbox 239 3053 390 3120; x_wconf 81' lang='lat' dir='ltr'><strong>¹Oompure</strong></span> <span class='ocrx_word' id='word_1_190' title='bbox 401 3055 519 3104; x_wconf 77' lang='lat' dir='ltr'><strong>Gasan&#39;s</strong></span> <span class='ocrx_word' id='word_1_191' title='bbox 530 3059 588 3103; x_wconf 91' lang='lat' dir='ltr'><strong>note</strong></span> <span class='ocrx_word' id='word_1_192' title='bbox 604 3053 742 3116; x_wconf 82' lang='lat' dir='ltr'><strong>discussing</strong></span> <span class='ocrx_word' id='word_1_193' title='bbox 793 3051 892 3101; x_wconf 75' lang='lat' dir='ltr'><strong>dusrffl</strong></span> <span class='ocrx_word' id='word_1_194' title='bbox 907 3050 945 3100; x_wconf 79' lang='lat' dir='ltr'><strong>M.</strong></span> <span class='ocrx_word' id='word_1_195' title='bbox 959 3051 1054 3100; x_wconf 83' lang='lat' dir='ltr'><strong>follows</strong></span> <span class='ocrx_word' id='word_1_196' title='bbox 1066 3051 1104 3100; x_wconf 90' lang='lat' dir='ltr'><strong>bis</strong></span> <span class='ocrx_word' id='word_1_197' title='bbox 1116 3056 1258 3102; x_wconf 84' lang='lat' dir='ltr'><strong>statement.</strong></span> <span class='ocrx_word' id='word_1_198' title='bbox 1288 3055 1347 3105; x_wconf 71' lang='grc' dir='ltr'>Τοὺς</span> 
     </span>
     <span class='ocr_line' id='line_1_25' title="bbox 188 3133 1348 3198; baseline -0.001 -13"><span class='ocrx_word' id='word_1_199' title='bbox 188 3136 232 3186; x_wconf 85' lang='lat' dir='ltr'><strong>the</strong></span> <span class='ocrx_word' id='word_1_200' title='bbox 247 3137 320 3198; x_wconf 91' lang='lat' dir='ltr'><strong>point</strong></span> <span class='ocrx_word' id='word_1_201' title='bbox 330 3137 440 3185; x_wconf 79' lang='lat' dir='ltr'><strong>whether</strong></span> <span class='ocrx_word' id='word_1_202' title='bbox 454 3137 497 3184; x_wconf 87' lang='lat' dir='ltr'><strong>the</strong></span> <span class='ocrx_word' id='word_1_203' title='bbox 510 3135 589 3186; x_wconf 79' lang='lat' dir='ltr'><strong>entire</strong></span> <span class='ocrx_word' id='word_1_204' title='bbox 604 3133 743 3198; x_wconf 77' lang='lat' dir='ltr'><strong>Scripturas</strong></span> <span class='ocrx_word' id='word_1_205' title='bbox 795 3135 959 3196; x_wconf 78' lang='grc' dir='ltr'>ἑβδομήκοντα</span> <span class='ocrx_word' id='word_1_206' title='bbox 979 3135 1065 3196; x_wconf 67' lang='grc' dir='ltr'>ἄνδρας</span> <span class='ocrx_word' id='word_1_207' title='bbox 1086 3135 1120 3193; x_wconf 77' lang='grc' dir='ltr'><strong>μὴ</strong></span> <span class='ocrx_word' id='word_1_208' title='bbox 1142 3135 1212 3193; x_wconf 79' lang='grc' dir='ltr'>μόνον</span> <span class='ocrx_word' id='word_1_209' title='bbox 1231 3137 1264 3197; x_wconf 76' lang='grc' dir='ltr'><strong>τῇ</strong></span> <span class='ocrx_word' id='word_1_210' title='bbox 1285 3137 1348 3196; x_wconf 73' lang='grc' dir='ltr'>αὐτῇ</span> 
     </span>
     <span class='ocr_line' id='line_1_26' title="bbox 188 3214 1347 3278; baseline 0 -13"><span class='ocrx_word' id='word_1_211' title='bbox 188 3219 218 3266; x_wconf 85' lang='lat' dir='ltr'><strong>of</strong></span> <span class='ocrx_word' id='word_1_212' title='bbox 239 3217 284 3265; x_wconf 88' lang='lat' dir='ltr'><strong>the</strong></span> <span class='ocrx_word' id='word_1_213' title='bbox 303 3215 351 3265; x_wconf 90' lang='lat' dir='ltr'><strong>Old</strong></span> <span class='ocrx_word' id='word_1_214' title='bbox 373 3217 525 3276; x_wconf 74' lang='lat' dir='ltr'><strong>Testmneut,</strong></span> <span class='ocrx_word' id='word_1_215' title='bbox 543 3231 572 3264; x_wconf 86' lang='lat' dir='ltr'><strong>or</strong></span> <span class='ocrx_word' id='word_1_216' title='bbox 592 3215 684 3278; x_wconf 84' lang='lat' dir='ltr'><strong>merely</strong></span> <span class='ocrx_word' id='word_1_217' title='bbox 700 3214 743 3263; x_wconf 88' lang='lat' dir='ltr'><strong>the</strong></span> <span class='ocrx_word' id='word_1_218' title='bbox 794 3215 893 3277; x_wconf 78' lang='grc' dir='ltr'>διανοίᾳ,</span> <span class='ocrx_word' id='word_1_219' title='bbox 914 3217 1037 3264; x_wconf 71' lang='grc' dir='ltr'>ἀλλὰκαὶ</span> <span class='ocrx_word' id='word_1_220' title='bbox 1056 3216 1140 3264; x_wconf 71' lang='grc' dir='ltr'>αὐτοῖς</span> <span class='ocrx_word' id='word_1_221' title='bbox 1157 3218 1239 3276; x_wconf 78' lang='grc' dir='ltr'>λέξεσι</span> <span class='ocrx_word' id='word_1_222' title='bbox 1256 3233 1347 3277; x_wconf 83' lang='grc' dir='ltr'>χοησα·</span> 
     </span>
     <span class='ocr_line' id='line_1_27' title="bbox 189 3297 1348 3358; baseline -0.001 -11"><span class='ocrx_word' id='word_1_223' title='bbox 189 3297 315 3347; x_wconf 86' lang='lat' dir='ltr'><strong>Mosaical</strong></span> <span class='ocrx_word' id='word_1_224' title='bbox 336 3298 414 3346; x_wconf 85' lang='lat' dir='ltr'><strong>books</strong></span> <span class='ocrx_word' id='word_1_225' title='bbox 436 3297 464 3345; x_wconf 83' lang='lat' dir='ltr'><strong>of</strong></span> <span class='ocrx_word' id='word_1_226' title='bbox 482 3298 526 3346; x_wconf 88' lang='lat' dir='ltr'><strong>the</strong></span> <span class='ocrx_word' id='word_1_227' title='bbox 547 3297 617 3356; x_wconf 85' lang='lat' dir='ltr'><strong>Law,</strong></span> <span class='ocrx_word' id='word_1_228' title='bbox 638 3311 701 3344; x_wconf 82' lang='lat' dir='ltr'><strong>were</strong></span> <span class='ocrx_word' id='word_1_229' title='bbox 715 3311 743 3343; x_wconf 91' lang='lat' dir='ltr'><strong>so</strong></span> <span class='ocrx_word' id='word_1_230' title='bbox 793 3297 882 3356; x_wconf 72' lang='grc' dir='ltr'>μένους,</span> <span class='ocrx_word' id='word_1_231' title='bbox 903 3297 943 3344; x_wconf 78' lang='grc' dir='ltr'>καὶ</span> <span class='ocrx_word' id='word_1_232' title='bbox 964 3297 1025 3356; x_wconf 79' lang='grc' dir='ltr'>μηδὲ</span> <span class='ocrx_word' id='word_1_233' title='bbox 1047 3297 1104 3358; x_wconf 70' lang='grc' dir='ltr'>ἄχρι</span> <span class='ocrx_word' id='word_1_234' title='bbox 1125 3297 1181 3356; x_wconf 66' lang='lat' dir='ltr'><strong>prae</strong></span> <span class='ocrx_word' id='word_1_235' title='bbox 1199 3297 1285 3358; x_wconf 80' lang='grc' dir='ltr'>λέξεως</span> <span class='ocrx_word' id='word_1_236' title='bbox 1304 3300 1348 3358; x_wconf 83' lang='grc' dir='ltr'>τῆς</span> 
     </span>
     <span class='ocr_line' id='line_1_28' title="bbox 189 3376 1346 3441; baseline 0.001 -13"><span class='ocrx_word' id='word_1_237' title='bbox 189 3378 336 3438; x_wconf 81' lang='lat' dir='ltr'><strong>translated,</strong></span> <span class='ocrx_word' id='word_1_238' title='bbox 354 3394 382 3426; x_wconf 85' lang='lat' dir='ltr'><strong>aa</strong></span> <span class='ocrx_word' id='word_1_239' title='bbox 399 3379 536 3428; x_wconf 75' lang='lat' dir='ltr'><strong>Josrrnus</strong></span> <span class='ocrx_word' id='word_1_240' title='bbox 555 3376 689 3440; x_wconf 81' lang='lat' dir='ltr'><strong>imagined.</strong></span> <span class='ocrx_word' id='word_1_241' title='bbox 795 3378 852 3439; x_wconf 77' lang='grc' dir='ltr'>πρὸς</span> <span class='ocrx_word' id='word_1_242' title='bbox 864 3377 984 3436; x_wconf 80' lang='grc' dir='ltr'>ἀλλήλους</span> <span class='ocrx_word' id='word_1_243' title='bbox 995 3377 1132 3438; x_wconf 79' lang='grc' dir='ltr'>συμφωνίας</span> <span class='ocrx_word' id='word_1_244' title='bbox 1145 3379 1346 3441; x_wconf 76' lang='grc' dir='ltr'>διημαρτηκότας,</span> 
     </span>
     <span class='ocr_line' id='line_1_29' title="bbox 240 3458 1346 3525; baseline -0.002 -15"><span class='ocrx_word' id='word_1_245' title='bbox 240 3460 411 3510; x_wconf 61' lang='lat' dir='ltr'><strong>’arrersao</strong></span> <span class='ocrx_word' id='word_1_246' title='bbox 437 3462 507 3525; x_wconf 82' lang='lat' dir='ltr'><strong>gives</strong></span> <span class='ocrx_word' id='word_1_247' title='bbox 533 3461 576 3509; x_wconf 89' lang='lat' dir='ltr'><strong>the</strong></span> <span class='ocrx_word' id='word_1_248' title='bbox 605 3475 690 3508; x_wconf 87' lang='lat' dir='ltr'><strong>names</strong></span> <span class='ocrx_word' id='word_1_249' title='bbox 717 3459 746 3508; x_wconf 84' lang='lat' dir='ltr'><strong>ol</strong></span> <span class='ocrx_word' id='word_1_250' title='bbox 795 3458 860 3506; x_wconf 72' lang='grc' dir='ltr'>ἀλλὰ</span> <span class='ocrx_word' id='word_1_251' title='bbox 881 3458 913 3506; x_wconf 75' lang='grc' dir='ltr'><strong>τὰ</strong></span> <span class='ocrx_word' id='word_1_252' title='bbox 937 3460 999 3506; x_wconf 69' lang='grc' dir='ltr'>αὐτὰ</span> <span class='ocrx_word' id='word_1_253' title='bbox 1017 3459 1072 3520; x_wconf 72' lang='grc' dir='ltr'>περὶ</span> <span class='ocrx_word' id='word_1_254' title='bbox 1093 3461 1142 3507; x_wconf 82' lang='grc' dir='ltr'><strong>τῶν</strong></span> <span class='ocrx_word' id='word_1_255' title='bbox 1157 3461 1236 3508; x_wconf 81' lang='grc' dir='ltr'>αὐτῶν</span> <span class='ocrx_word' id='word_1_256' title='bbox 1256 3478 1346 3524; x_wconf 72' lang='grc' dir='ltr'>γεγρα-</span> 
     </span>
     <span class='ocr_line' id='line_1_30' title="bbox 190 3537 1344 3607; baseline 0.001 -15"><span class='ocrx_word' id='word_1_257' title='bbox 190 3547 357 3607; x_wconf 81' lang='lat' dir='ltr'><strong>seventy-two</strong></span> <span class='ocrx_word' id='word_1_258' title='bbox 379 3543 479 3601; x_wconf 84' lang='lat' dir='ltr'><strong>scribes,</strong></span> <span class='ocrx_word' id='word_1_259' title='bbox 502 3541 541 3590; x_wconf 88' lang='lat' dir='ltr'><strong>six</strong></span> <span class='ocrx_word' id='word_1_260' title='bbox 566 3541 642 3604; x_wconf 77' lang='lat' dir='ltr'><strong>being</strong></span> <span class='ocrx_word' id='word_1_261' title='bbox 666 3541 742 3590; x_wconf 85' lang='lat' dir='ltr'><strong>taken</strong></span> <span class='ocrx_word' id='word_1_262' title='bbox 795 3541 878 3600; x_wconf 74' lang='grc' dir='ltr'>φύσας.</span> <span class='ocrx_word' id='word_1_263' title='bbox 905 3538 980 3588; x_wconf 82' lang='lat' dir='ltr'><strong>Jusr.</strong></span> <span class='ocrx_word' id='word_1_264' title='bbox 1000 3537 1038 3588; x_wconf 88' lang='lat' dir='ltr'><strong>M.</strong></span> <span class='ocrx_word' id='word_1_265' title='bbox 1052 3539 1174 3589; x_wconf 81' lang='grc' dir='ltr'>Ρανσιιω.</span> <span class='ocrx_word' id='word_1_266' title='bbox 1194 3541 1228 3590; x_wconf 86' lang='lat' dir='ltr'><strong>od</strong></span> <span class='ocrx_word' id='word_1_267' title='bbox 1244 3541 1286 3591; x_wconf 83' lang='lat' dir='ltr'><strong>Or.</strong></span> <span class='ocrx_word' id='word_1_268' title='bbox 1307 3557 1344 3604; x_wconf 82' lang='lat'><strong>13.</strong></span> 
     </span>
     <span class='ocr_line' id='line_1_31' title="bbox 190 3622 1346 3675; baseline 0.001 -2"><span class='ocrx_word' id='word_1_269' title='bbox 190 3624 413 3674; x_wconf 78' lang='lat' dir='ltr'><strong>fromeachtribe.</strong></span> <span class='ocrx_word' id='word_1_270' title='bbox 440 3622 480 3672; x_wconf 80' lang='lat' dir='ltr'><strong>Of.</strong></span> <span class='ocrx_word' id='word_1_271' title='bbox 495 3622 676 3672; x_wconf 76' lang='lat' dir='ltr'><strong>Faunumoot.</strong></span> <span class='ocrx_word' id='word_1_272' title='bbox 795 3623 876 3671; x_wconf 75' lang='lat' dir='ltr'><strong>Onam</strong></span> <span class='ocrx_word' id='word_1_273' title='bbox 890 3623 940 3671; x_wconf 83' lang='lat' dir='ltr'><strong>Au.</strong></span> <span class='ocrx_word' id='word_1_274' title='bbox 953 3623 1039 3673; x_wconf 66' lang='lat' dir='ltr'><strong>serena</strong></span> <span class='ocrx_word' id='word_1_275' title='bbox 1053 3635 1072 3673; x_wconf 91' lang='lat'><strong>1.</strong></span> <span class='ocrx_word' id='word_1_276' title='bbox 1087 3638 1125 3672; x_wconf 83' lang='lat' dir='ltr'><strong>aa.</strong></span> <span class='ocrx_word' id='word_1_277' title='bbox 1153 3624 1274 3675; x_wconf 81' lang='lat' dir='ltr'><strong>Of.H0u.</strong></span> <span class='ocrx_word' id='word_1_278' title='bbox 1288 3625 1346 3675; x_wconf 76' lang='lat' dir='ltr'><strong>Die-</strong></span> 
     </span>
     <span class='ocr_line' id='line_1_32' title="bbox 241 3703 1345 3769; baseline 0.003 -17"><span class='ocrx_word' id='word_1_279' title='bbox 241 3703 387 3754; x_wconf 76' lang='lat' dir='ltr'><strong>⁸Etaeacio</strong></span> <span class='ocrx_word' id='word_1_280' title='bbox 397 3703 451 3767; x_wconf 80' lang='lat' dir='ltr'><strong>quia</strong></span> <span class='ocrx_word' id='word_1_281' title='bbox 458 3703 742 3766; x_wconf 60' lang='lat' dir='ltr'><strong>permaneamus</strong></span> <span class='ocrx_word' id='word_1_282' title='bbox 793 3710 846 3753; x_wconf 71' lang='lat' dir='ltr'><strong>acet.</strong></span> <span class='ocrx_word' id='word_1_283' title='bbox 860 3703 958 3754; x_wconf 73' lang='lat' dir='ltr'><strong>alliot.</strong></span> <span class='ocrx_word' id='word_1_284' title='bbox 971 3703 1089 3752; x_wconf 73' lang='grc' dir='ltr'>Ανίοιωα.</span> <span class='ocrx_word' id='word_1_285' title='bbox 1115 3703 1178 3752; x_wconf 77' lang='grc' dir='ltr'>ΑΙοο</span> <span class='ocrx_word' id='word_1_286' title='bbox 1189 3705 1232 3753; x_wconf 89' lang='lat' dir='ltr'><strong>the</strong></span> <span class='ocrx_word' id='word_1_287' title='bbox 1243 3707 1345 3769; x_wconf 83' lang='lat' dir='ltr'><strong>parallel</strong></span> 
     </span>
     <span class='ocr_line' id='line_1_33' title="bbox 188 3783 1249 3848; baseline 0.001 -14"><span class='ocrx_word' id='word_1_288' title='bbox 188 3786 262 3848; x_wconf 75' lang='lat' dir='ltr'><strong>piato</strong></span> <span class='ocrx_word' id='word_1_289' title='bbox 278 3785 375 3835; x_wconf 64' lang='lat' dir='ltr'><strong>cellula</strong></span> <span class='ocrx_word' id='word_1_290' title='bbox 390 3784 549 3834; x_wconf 65' lang='lat' dir='ltr'><strong>Amouda-ia</strong></span> <span class='ocrx_word' id='word_1_291' title='bbox 564 3783 688 3832; x_wconf 76' lang='lat' dir='ltr'><strong>mendacio</strong></span> <span class='ocrx_word' id='word_1_292' title='bbox 700 3799 744 3832; x_wconf 85' lang='grc' dir='ltr'>ςνο</span> <span class='ocrx_word' id='word_1_293' title='bbox 794 3791 901 3834; x_wconf 84' lang='lat' dir='ltr'><strong>account</strong></span> <span class='ocrx_word' id='word_1_294' title='bbox 911 3785 937 3834; x_wconf 90' lang='lat' dir='ltr'><strong>in</strong></span> <span class='ocrx_word' id='word_1_295' title='bbox 948 3786 967 3834; x_wconf 86' lang='lat' dir='ltr'><strong>J</strong></span> <span class='ocrx_word' id='word_1_296' title='bbox 970 3797 1024 3834; x_wconf 83' lang='lat' dir='ltr'><strong>usn.</strong></span> <span class='ocrx_word' id='word_1_297' title='bbox 1038 3786 1078 3834; x_wconf 91' lang='lat' dir='ltr'><strong>M.</strong></span> <span class='ocrx_word' id='word_1_298' title='bbox 1090 3785 1163 3847; x_wconf 82' lang='lat' dir='ltr'><strong>Apol.</strong></span> <span class='ocrx_word' id='word_1_299' title='bbox 1178 3798 1196 3836; x_wconf 90' lang='lat'><strong>1.</strong></span> <span class='ocrx_word' id='word_1_300' title='bbox 1211 3800 1249 3848; x_wconf 80' lang='lat'><strong>3¹·</strong></span> 
     </span>
     <span class='ocr_line' id='line_1_34' title="bbox 190 3865 1347 3930; baseline 0.001 -13"><span class='ocrx_word' id='word_1_301' title='bbox 190 3867 339 3928; x_wconf 59' lang='lat' dir='ltr'><strong>aarum,</strong></span> <span class='ocrx_word' id='word_1_302' title='bbox 351 3867 437 3930; x_wconf 62' lang='lat' dir='ltr'><strong>pote</strong></span> <span class='ocrx_word' id='word_1_303' title='bbox 448 3865 523 3915; x_wconf 67' lang='lat' dir='ltr'><strong>aaut</strong></span> <span class='ocrx_word' id='word_1_304' title='bbox 533 3865 614 3916; x_wconf 73' lang='lat' dir='ltr'><strong>eadem</strong></span> <span class='ocrx_word' id='word_1_305' title='bbox 624 3865 744 3927; x_wconf 70' lang='lat' dir='ltr'><strong>act-ipatu-</strong></span> <span class='ocrx_word' id='word_1_306' title='bbox 843 3865 854 3896; x_wconf 84' lang='lat'><strong>⁴</strong></span> <span class='ocrx_word' id='word_1_307' title='bbox 870 3865 922 3914; x_wconf 83' lang='lat' dir='ltr'><strong>The</strong></span> <span class='ocrx_word' id='word_1_308' title='bbox 934 3865 1081 3914; x_wconf 83' lang='lat' dir='ltr'><strong>translation</strong></span> <span class='ocrx_word' id='word_1_309' title='bbox 1092 3866 1236 3916; x_wconf 83' lang='lat' dir='ltr'><strong>readsmost</strong></span> <span class='ocrx_word' id='word_1_310' title='bbox 1243 3867 1293 3918; x_wconf 85' lang='lat' dir='ltr'><strong>like</strong></span> <span class='ocrx_word' id='word_1_311' title='bbox 1304 3869 1347 3918; x_wconf 86' lang='lat' dir='ltr'><strong>the</strong></span> 
     </span>
     <span class='ocr_line' id='line_1_35' title="bbox 190 3945 1344 4014; baseline 0.002 -16"><span class='ocrx_word' id='word_1_312' title='bbox 190 3956 265 4005; x_wconf 69' lang='lat' dir='ltr'><strong>ruat:</strong></span> <span class='ocrx_word' id='word_1_313' title='bbox 289 3963 345 3998; x_wconf 80' lang='grc' dir='ltr'>σιωνς</span> <span class='ocrx_word' id='word_1_314' title='bbox 365 3947 482 3998; x_wconf 62' lang='lat' dir='ltr'><strong>Aeaeae</strong></span> <span class='ocrx_word' id='word_1_315' title='bbox 499 3947 602 4010; x_wconf 70' lang='grc' dir='ltr'>ωἰιεάεπι</span> <span class='ocrx_word' id='word_1_316' title='bbox 620 3945 745 3996; x_wconf 65' lang='lat' dir='ltr'><strong>Poma·</strong></span> <span class='ocrx_word' id='word_1_317' title='bbox 794 3946 907 4011; x_wconf 71' lang='lat' dir='ltr'><strong>original,</strong></span> <span class='ocrx_word' id='word_1_318' title='bbox 914 3947 1058 4006; x_wconf 75' lang='grc' dir='ltr'>ποιήσοντας</span> <span class='ocrx_word' id='word_1_319' title='bbox 1065 3948 1344 4014; x_wconf 64' lang='grc' dir='ltr'>τοΰτοὸτερ,ο1ὶ1ιουαίι,</span> 
     </span>
     <span class='ocr_line' id='line_1_36' title="bbox 192 4027 1347 4094; baseline 0.003 -16"><span class='ocrx_word' id='word_1_320' title='bbox 192 4031 381 4093; x_wconf 76' lang='grc' dir='ltr'>ὑπερασπιστὴς,</span> <span class='ocrx_word' id='word_1_321' title='bbox 395 4029 502 4077; x_wconf 72' lang='lat' dir='ltr'><strong>etmulto</strong></span> <span class='ocrx_word' id='word_1_322' title='bbox 509 4033 670 4090; x_wconf 75' lang='grc' dir='ltr'>μοαιενψονε</span> <span class='ocrx_word' id='word_1_323' title='bbox 680 4027 744 4076; x_wconf 77' lang='grc' dir='ltr'>Ιωε-</span> <span class='ocrx_word' id='word_1_324' title='bbox 794 4045 821 4078; x_wconf 83' lang='lat' dir='ltr'><strong>aa</strong></span> <span class='ocrx_word' id='word_1_325' title='bbox 838 4029 932 4079; x_wconf 76' lang='lat' dir='ltr'><strong>Gmn</strong></span> <span class='ocrx_word' id='word_1_326' title='bbox 950 4029 1045 4088; x_wconf 80' lang='lat' dir='ltr'><strong>thinks,</strong></span> <span class='ocrx_word' id='word_1_327' title='bbox 1062 4029 1106 4078; x_wconf 87' lang='lat' dir='ltr'><strong>the</strong></span> <span class='ocrx_word' id='word_1_328' title='bbox 1122 4035 1222 4094; x_wconf 84' lang='lat' dir='ltr'><strong>present</strong></span> <span class='ocrx_word' id='word_1_329' title='bbox 1240 4035 1301 4092; x_wconf 83' lang='lat' dir='ltr'><strong>text,</strong></span> <span class='ocrx_word' id='word_1_330' title='bbox 1319 4049 1347 4082; x_wconf 85' lang='lat' dir='ltr'><strong>as</strong></span> 
     </span>
     <span class='ocr_line' id='line_1_37' title="bbox 187 4107 1347 4174; baseline 0.002 -14"><span class='ocrx_word' id='word_1_331' title='bbox 187 4111 256 4174; x_wconf 76' lang='lat' dir='ltr'><strong>plat</strong></span> <span class='ocrx_word' id='word_1_332' title='bbox 275 4111 340 4160; x_wconf 78' lang='lat' dir='ltr'><strong>aita&#39;l</strong></span> <span class='ocrx_word' id='word_1_333' title='bbox 358 4110 405 4160; x_wconf 82' lang='lat' dir='ltr'><strong>tale</strong></span> <span class='ocrx_word' id='word_1_334' title='bbox 423 4109 553 4158; x_wconf 57' lang='lat' dir='ltr'><strong>recaleant</strong></span> <span class='ocrx_word' id='word_1_335' title='bbox 583 4107 740 4158; x_wconf 83' lang='lat' dir='ltr'><strong>Hrraorru.</strong></span> <span class='ocrx_word' id='word_1_336' title='bbox 794 4110 925 4174; x_wconf 82' lang='lat' dir='ltr'><strong>preserved</strong></span> <span class='ocrx_word' id='word_1_337' title='bbox 957 4111 990 4174; x_wconf 81' lang='lat' dir='ltr'><strong>by</strong></span> <span class='ocrx_word' id='word_1_338' title='bbox 1018 4109 1165 4170; x_wconf 71' lang='lat' dir='ltr'><strong>Eusnarus,</strong></span> <span class='ocrx_word' id='word_1_339' title='bbox 1195 4111 1347 4163; x_wconf 68' lang='lat' dir='ltr'><strong>harmonicen</strong></span> 
     </span>
     <span class='ocr_line' id='line_1_38' title="bbox 191 4189 1346 4256; baseline 0.003 -16"><span class='ocrx_word' id='word_1_340' title='bbox 191 4192 269 4255; x_wconf 82' lang='lat' dir='ltr'><strong>Proes.</strong></span> <span class='ocrx_word' id='word_1_341' title='bbox 286 4192 420 4242; x_wconf 72' lang='lat' dir='ltr'><strong>iaPmtat.</strong></span> <span class='ocrx_word' id='word_1_342' title='bbox 449 4191 543 4251; x_wconf 76' lang='lat' dir='ltr'><strong>Pmno,</strong></span> <span class='ocrx_word' id='word_1_343' title='bbox 563 4190 685 4250; x_wconf 83' lang='lat' dir='ltr'><strong>however,</strong></span> <span class='ocrx_word' id='word_1_344' title='bbox 702 4189 742 4238; x_wconf 92' lang='lat' dir='ltr'><strong>be·</strong></span> <span class='ocrx_word' id='word_1_345' title='bbox 794 4191 855 4239; x_wconf 85' lang='lat' dir='ltr'><strong>with</strong></span> <span class='ocrx_word' id='word_1_346' title='bbox 863 4191 907 4240; x_wconf 87' lang='lat' dir='ltr'><strong>the</strong></span> <span class='ocrx_word' id='word_1_347' title='bbox 915 4191 996 4240; x_wconf 83' lang='lat' dir='ltr'><strong>words</strong></span> <span class='ocrx_word' id='word_1_348' title='bbox 1004 4192 1033 4240; x_wconf 89' lang='lat' dir='ltr'><strong>cf</strong></span> <span class='ocrx_word' id='word_1_349' title='bbox 1039 4191 1121 4240; x_wconf 71' lang='lat' dir='ltr'><strong>Onna.</strong></span> <span class='ocrx_word' id='word_1_350' title='bbox 1130 4193 1189 4251; x_wconf 74' lang='lat' dir='ltr'><strong>An„</strong></span> <span class='ocrx_word' id='word_1_351' title='bbox 1198 4192 1253 4241; x_wconf 86' lang='lat' dir='ltr'><strong>who</strong></span> <span class='ocrx_word' id='word_1_352' title='bbox 1261 4199 1346 4256; x_wconf 83' lang='lat' dir='ltr'><strong>wrote,</strong></span> 
     </span>
     <span class='ocr_line' id='line_1_39' title="bbox 147 4271 1347 4338; baseline 0.006 -18"><span class='ocrx_word' id='word_1_353' title='bbox 147 4317 156 4338; x_wconf 64' lang='grc'>,</span> <span class='ocrx_word' id='word_1_354' title='bbox 192 4272 273 4322; x_wconf 86' lang='lat' dir='ltr'><strong>lieved</strong></span> <span class='ocrx_word' id='word_1_355' title='bbox 287 4273 331 4322; x_wconf 87' lang='lat' dir='ltr'><strong>the</strong></span> <span class='ocrx_word' id='word_1_356' title='bbox 343 4276 461 4322; x_wconf 86' lang='lat' dir='ltr'><strong>account:</strong></span> <span class='ocrx_word' id='word_1_357' title='bbox 479 4271 600 4333; x_wconf 81' lang='grc' dir='ltr'>Καθάπερ</span> <span class='ocrx_word' id='word_1_358' title='bbox 611 4271 744 4318; x_wconf 72' lang='grc' dir='ltr'>ἐνθουσιῶν</span> <span class='ocrx_word' id='word_1_359' title='bbox 794 4272 855 4320; x_wconf 84' lang='lat' dir='ltr'><strong>with</strong></span> <span class='ocrx_word' id='word_1_360' title='bbox 877 4273 927 4321; x_wconf 88' lang='lat' dir='ltr'><strong>this</strong></span> <span class='ocrx_word' id='word_1_361' title='bbox 950 4288 1054 4336; x_wconf 79' lang='lat' dir='ltr'><strong>passage</strong></span> <span class='ocrx_word' id='word_1_362' title='bbox 1072 4273 1101 4322; x_wconf 88' lang='lat' dir='ltr'><strong>of</strong></span> <span class='ocrx_word' id='word_1_363' title='bbox 1120 4273 1247 4324; x_wconf 68' lang='lat' dir='ltr'><strong>Imaus</strong></span> <span class='ocrx_word' id='word_1_364' title='bbox 1264 4277 1347 4327; x_wconf 71' lang='lat' dir='ltr'><strong>before</strong></span> 
     </span>
     <span class='ocr_line' id='line_1_40' title="bbox 192 4353 1348 4423; baseline 0.006 -22"><span class='ocrx_word' id='word_1_365' title='bbox 192 4371 232 4404; x_wconf 88' lang='grc' dir='ltr'><strong>τες</strong></span> <span class='ocrx_word' id='word_1_366' title='bbox 259 4355 429 4418; x_wconf 69' lang='grc' dir='ltr'>προεφήτευσν,</span> <span class='ocrx_word' id='word_1_367' title='bbox 453 4354 495 4402; x_wconf 77' lang='grc' dir='ltr'><strong>οὐκ</strong></span> <span class='ocrx_word' id='word_1_368' title='bbox 517 4354 583 4401; x_wconf 70' lang='grc' dir='ltr'>ἄλλα</span> <span class='ocrx_word' id='word_1_369' title='bbox 604 4353 683 4411; x_wconf 69' lang='grc' dir='ltr'>ἀλλος,</span> <span class='ocrx_word' id='word_1_370' title='bbox 712 4353 745 4400; x_wconf 73' lang='grc' dir='ltr'><strong>τὰ</strong></span> <span class='ocrx_word' id='word_1_371' title='bbox 794 4353 853 4413; x_wconf 86' lang='lat' dir='ltr'><strong>blm,</strong></span> <span class='ocrx_word' id='word_1_372' title='bbox 868 4355 929 4402; x_wconf 86' lang='grc' dir='ltr'>θεοῦ</span> <span class='ocrx_word' id='word_1_373' title='bbox 939 4357 989 4417; x_wconf 72' lang='grc' dir='ltr'><strong>γὰρ</strong></span> <span class='ocrx_word' id='word_1_374' title='bbox 999 4355 1029 4414; x_wconf 77' lang='grc' dir='ltr'><strong>ἤν</strong></span> <span class='ocrx_word' id='word_1_375' title='bbox 1039 4357 1160 4418; x_wconf 83' lang='grc' dir='ltr'>βούλημα,</span> <span class='ocrx_word' id='word_1_376' title='bbox 1174 4358 1261 4407; x_wconf 66' lang='lat' dir='ltr'><strong>Sumo.</strong></span> <span class='ocrx_word' id='word_1_377' title='bbox 1275 4371 1293 4409; x_wconf 96' lang='lat'><strong>1.</strong></span> <span class='ocrx_word' id='word_1_378' title='bbox 1303 4375 1333 4423; x_wconf 75' lang='lat'><strong>²3</strong></span> <span class='ocrx_word' id='word_1_379' title='bbox 1340 4377 1348 4422; x_wconf 88' lang='lat'>;</span> 
     </span>
     <span class='ocr_line' id='line_1_41' title="bbox 194 4433 1347 4503; baseline 0.008 -21"><span class='ocrx_word' id='word_1_380' title='bbox 194 4436 220 4483; x_wconf 76' lang='grc' dir='ltr'><strong>δὲ</strong></span> <span class='ocrx_word' id='word_1_381' title='bbox 241 4437 304 4485; x_wconf 75' lang='grc' dir='ltr'>αὐτὰ</span> <span class='ocrx_word' id='word_1_382' title='bbox 329 4436 417 4484; x_wconf 71' lang='grc' dir='ltr'>πάντες</span> <span class='ocrx_word' id='word_1_383' title='bbox 443 4435 549 4493; x_wconf 83' lang='grc' dir='ltr'>ὀνόματα</span> <span class='ocrx_word' id='word_1_384' title='bbox 572 4433 613 4482; x_wconf 76' lang='grc' dir='ltr'>καί</span> <span class='ocrx_word' id='word_1_385' title='bbox 638 4433 742 4495; x_wconf 81' lang='grc' dir='ltr'>ῥήματα,</span> <span class='ocrx_word' id='word_1_386' title='bbox 795 4434 984 4483; x_wconf 84' lang='lat' dir='ltr'><strong>butthewords</strong></span> <span class='ocrx_word' id='word_1_387' title='bbox 995 4436 1088 4499; x_wconf 85' lang='lat' dir='ltr'><strong>quoted</strong></span> <span class='ocrx_word' id='word_1_388' title='bbox 1101 4439 1280 4503; x_wconf 84' lang='lat' dir='ltr'><strong>arethepious</strong></span> <span class='ocrx_word' id='word_1_389' title='bbox 1291 4457 1347 4491; x_wconf 87' lang='lat' dir='ltr'><strong>con·</strong></span> 
     </span>
     <span class='ocr_line' id='line_1_42' title="bbox 193 4513 1347 4580; baseline 0.005 -18"><span class='ocrx_word' id='word_1_390' title='bbox 193 4515 276 4580; x_wconf 72' lang='grc' dir='ltr'>ὤστερ</span> <span class='ocrx_word' id='word_1_391' title='bbox 293 4517 430 4580; x_wconf 78' lang='grc' dir='ltr'>ὑποβολέως</span> <span class='ocrx_word' id='word_1_392' title='bbox 446 4515 554 4566; x_wconf 71' lang='grc' dir='ltr'>ἑκάσταις</span> <span class='ocrx_word' id='word_1_393' title='bbox 572 4513 677 4576; x_wconf 69' lang='grc' dir='ltr'>ἀοράτως</span> <span class='ocrx_word' id='word_1_394' title='bbox 694 4513 743 4572; x_wconf 64' lang='lat' dir='ltr'><strong>tar</strong></span> <span class='ocrx_word' id='word_1_395' title='bbox 794 4514 889 4564; x_wconf 87' lang='lat' dir='ltr'><strong>clusicn</strong></span> <span class='ocrx_word' id='word_1_396' title='bbox 910 4515 939 4563; x_wconf 82' lang='lat' dir='ltr'><strong>ol</strong></span> <span class='ocrx_word' id='word_1_397' title='bbox 957 4517 1000 4566; x_wconf 89' lang='lat' dir='ltr'><strong>the</strong></span> <span class='ocrx_word' id='word_1_398' title='bbox 1018 4517 1108 4578; x_wconf 80' lang='lat' dir='ltr'><strong>writer,</strong></span> <span class='ocrx_word' id='word_1_399' title='bbox 1129 4519 1186 4568; x_wconf 88' lang='lat' dir='ltr'><strong>that</strong></span> <span class='ocrx_word' id='word_1_400' title='bbox 1208 4521 1251 4570; x_wconf 87' lang='lat' dir='ltr'><strong>the</strong></span> <span class='ocrx_word' id='word_1_401' title='bbox 1268 4521 1347 4570; x_wconf 87' lang='lat' dir='ltr'><strong>whole</strong></span> 
     </span>
     <span class='ocr_line' id='line_1_43' title="bbox 194 4593 1121 4662; baseline 0.003 -18"><span class='ocrx_word' id='word_1_402' title='bbox 194 4598 298 4656; x_wconf 79' lang='grc' dir='ltr'>χοΰντος.</span> <span class='ocrx_word' id='word_1_403' title='bbox 336 4598 422 4646; x_wconf 79' lang='lat' dir='ltr'><strong>Parno</strong></span> <span class='ocrx_word' id='word_1_404' title='bbox 449 4596 513 4646; x_wconf 87' lang='lat' dir='ltr'><strong>Jun.</strong></span> <span class='ocrx_word' id='word_1_405' title='bbox 546 4595 591 4644; x_wconf 82' lang='lat' dir='ltr'><strong>Vit.</strong></span> <span class='ocrx_word' id='word_1_406' title='bbox 623 4593 683 4642; x_wconf 84' lang='grc' dir='ltr'>Μοι.</span> <span class='ocrx_word' id='word_1_407' title='bbox 712 4605 741 4641; x_wconf 87' lang='lat'><strong>11.</strong></span> <span class='ocrx_word' id='word_1_408' title='bbox 794 4612 845 4646; x_wconf 82' lang='lat' dir='ltr'><strong>was</strong></span> <span class='ocrx_word' id='word_1_409' title='bbox 856 4595 919 4662; x_wconf 85' lang='lat' dir='ltr'><strong>douo</strong></span> <span class='ocrx_word' id='word_1_410' title='bbox 930 4597 964 4660; x_wconf 84' lang='lat' dir='ltr'><strong>by</strong></span> <span class='ocrx_word' id='word_1_411' title='bbox 975 4597 1052 4647; x_wconf 82' lang='lat' dir='ltr'><strong>God&#39;s</strong></span> <span class='ocrx_word' id='word_1_412' title='bbox 1064 4599 1121 4648; x_wconf 85' lang='lat' dir='ltr'><strong>will.</strong></span> 
     </span>
    </p>
   </div>
   <div class='ocr_carea' id='block_1_7' title="bbox 294 4691 1245 4752">
    <p class='ocr_par' dir='ltr' id='par_1_7' title="bbox 294 4691 1245 4752">
     <span class='ocr_line' id='line_1_44' title="bbox 294 4691 1245 4752; baseline 0.005 -5"><span class='ocrx_word' id='word_1_413' title='bbox 294 4706 367 4751; x_wconf 83' lang='lat' dir='ltr'><strong>von.</strong></span> <span class='ocrx_word' id='word_1_414' title='bbox 387 4707 419 4750; x_wconf 85' lang='grc' dir='ltr'><strong>ιι.</strong></span> <span class='ocrx_word' id='word_1_415' title='bbox 1225 4691 1245 4752; x_wconf 89' lang='grc'><strong>8</strong></span> 
     </span>
    </p>
   </div>
   <div class='ocr_carea' id='block_1_8' title="bbox 0 0 1672 5070">
    <p class='ocr_par' dir='ltr' id='par_1_8' title="bbox 0 0 1672 5070">
     <span class='ocr_line' id='line_1_45' title="bbox 0 0 1672 5070; baseline 0 2"><span class='ocrx_word' id='word_1_416' title='bbox 0 0 1672 5070; x_wconf 95' lang='lat' dir='ltr'><strong> </strong></span> 
     </span>
    </p>
   </div>
  </div>
 </body>
</html>
