3334 5070
300 369 343 432 86
788 380 972 434 CHRISTUS

159 555 211 594 ua
222 556 262 596 ιιι.
300 535 411 620 Repem
426 535 643 619 Assyriorumr
668 534 788 600 occulte
808 535 944 622 quidem,
965 535 1020 600 sed
1043 541 1188 620 potenter
1211 532 1331 598 ¹omnia
1353 533 1453 597 mani-

136 601 287 734 Opiffipl'pt
301 637 428 716 lestans,
444 639 590 724 quoniam
606 640 774 704 ²absconsa
793 661 888 703 mauu
903 639 1102 756 expugnabat
1118 637 1272 702 Dominus
1287 635 1453 702 Amalech.

183 751 210 778 ²
211 751 223 780 ¹·
199 744 251 779 ⁴
304 740 439 826 Propter
460 741 519 806 hoc
542 750 575 806 et
593 763 704 827 pueros
719 742 880 828 eripiebat,
902 741 954 826 qui
975 751 1064 806 erant
1081 742 1113 804 in
1135 742 1227 806 domo
1244 741 1357 818 David,
1374 741 1454 804 bene

138 853 264 942 {33³3ssth
302 844 405 908 sortiti
429 843 481 909 illo
499 852 638 930 tempore
657 845 755 924 nasci,
776 852 812 908 ut
831 869 885 911 eos
904 846 1107 932 praemitteret
1128 845 1161 908 in
1185 866 1277 909 suum
1300 865 1452 930 regnum

139 925 207 984 ffi-
303 946 370 1030 ipse
400 946 504 1010 iulans
536 969 608 1010 cunr
644 956 737 1026 esset,
767 947 921 1013 ³infantes
949 947 1111 1012 hominum
1140 955 1293 1031 martyres
1328 967 1453 1030 paraus,

304 1057 428 1134 propter
453 1049 622 1127 Christum,
646 1050 698 1136 qui
722 1050 755 1114 in
777 1050 940 1116 Bethleem
963 1059 1057 1115 natus
1079 1058 1128 1116 est
1151 1049 1174 1114 J
1178 1051 1246 1114 udae
1272 1048 1454 1114 incivitate

140 1172 230 1210 ιιιιιιι.
240 1171 268 1210 re
304 1149 419 1225 David,
436 1151 617 1216 interfectos
631 1152 803 1216 secundum
819 1153 1006 1238 Scripturas.

370 1261 400 1320 5.
445 1255 579 1340 Propter
597 1256 680 1341 quod
698 1265 730 1320 et
749 1256 904 1321 Dominus
924 1257 1082 1342 discipulis
1104 1263 1176 1341 post
1197 1254 1454 1320 resurrectionem

139 1373 189 1412 tue·
199 1373 289 1416 xxiv-2⁵.
304 1355 446 1422 dicebat:
473 1359 499 1421 O
514 1359 671 1434 incorrecti,
687 1369 715 1423 et
728 1359 815 1422 turdi
830 1358 918 1422 eorde
932 1358 977 1422 ad
990 1358 1173 1422 eredendum
1188 1359 1223 1422 in
1237 1356 1372 1422 omnihus
1386 1379 1455 1443 quer

136 1421 166 1459 π
304 1457 397 1522 lomrti
424 1468 494 1522 sunt
516 1460 684 1544 prophetes.
728 1461 839 1523 Nonne
867 1461 930 1523 hoec
958 1459 1109 1546 oportebat
1132 1463 1205 1546 peti
1232 1461 1396 1538 Christum,
1426 1470 1454 1524 et

138 1576 255 1615 Lucu*
304 1561 483 1626 introirem
498 1561 797 1626 cleritatemsuam?
836 1563 903 1626 Et
895 1573 1007 1627 iterum
1022 1563 1145 1627 aiteis:
1171 1564 1496 1629 Hisnarnmwnesu
1506 1579 1550 1618 m

177 1623 247 1671 Μ
240 1624 375 1748 '⁴⁷qum
401 1663 516 1728 hreutus
540 1687 605 1728 sum
631 1666 677 1729 ad
697 1687 756 1743 uos,
784 1687 851 1729 euru
879 1667 980 1730 adhue
1008 1688 1094 1730 essem
1124 1665 1281 1744 schirrum,
1312 1668 1456 1752 qnoniam

304 1776 417 1851 oportet
446 1767 570 1852 impleri
598 1769 701 1832 omnia
729 1769 846 1853 scripte
875 1771 910 1833 in
940 1769 1001 1854 lepe
1025 1770 1142 1852 Moysi,
1173 1779 1201 1834 et
1223 1770 1396 1854 Prophetis,
1428 1780 1456 1834 et

303 1869 442 1934 Psalmis
465 1871 502 1935 de
528 1893 584 1936 me.
633 1872 718 1935 liene
740 1873 909 1958 adoperuit
930 1893 1031 1937 eornm
1050 1895 1176 1951 sensum,
1198 1883 1233 1937 ut
1253 1872 1456 1958 intelliperent

304 1972 495 2056 Scripturas,
522 1984 550 2037 et
573 1973 654 2037 dicit
679 1975 724 2038 ud
749 1997 817 2040 ees:
844 1975 994 2055 Quoniam
1015 1977 1060 2040 sie
1085 1977 1305 2061 scriptumest,
1330 1978 1391 2061 ⁴[et
1411 1975 1456 2040 sie

304 2072 470 2159 oportebat]
492 2075 646 2140 Christum
654 2078 738 2161 peti,
758 2087 785 2141 et
802 2099 958 2164 reserpere
978 2102 999 2142 e
1021 2080 1157 2156 mortuis,
1180 2088 1209 2142 et
1222 2078 1400 2163 predicari
1421 2081 1456 2142 im

304 2177 423 2240 nomine
448 2178 512 2260 ejus
538 2181 752 2268 [penitentium
775 2178 825 2265 in]
851 2183 1052 2246 remissionem
1075 2192 1272 2268 peecatorum
1294 2183 1328 2245 in
1357 2202 1492 2247 omnese.
1502 2210 1546 2249 au.

140 2302 252 2341 urens.
260 2302 289 2346 u
301 2290 411 2363 pentes.
458 2279 523 2345 Hic
538 2290 644 2346 autem
661 2291 719 2361 est,
740 2283 792 2370 qui
813 2307 853 2348 cx
873 2285 978 2350 illaria
1001 2295 1171 2350 natusest.
1218 2286 1340 2370 Oportet
1364 2284 1454 2359 erim,

138 2349 215 2388 “m
223 2347 288 2386 m
304 2381 415 2466 inquit,
430 2384 555 2448 Filium
568 2384 698 2449 hominis
712 2385 810 2450 multa
823 2387 909 2471 pati,
926 2397 954 2451 et
967 2387 1136 2472 reprobari,
1155 2397 1182 2452 et
1197 2389 1343 2473 cmeeifiyi,
1359 2396 1388 2451 et
1406 2386 1457 2449 dit

304 2488 392 2551 tertio
406 2509 572 2574 reserpere.
617 2489 691 2553 Non
711 2511 786 2576 ergo
805 2491 938 2555 alterum
955 2491 1071 2555 Filium
1088 2492 1237 2557 Hominis
1252 2491 1338 2556 novit
1354 2491 1457 2556 Evan-

303 2591 429 2674 gelium,
454 2592 515 2656 nisi
542 2591 625 2656 hunc
650 2593 702 2678 qui
726 2616 767 2657 ex
797 2595 910 2672 Maria,
933 2595 985 2680 qui
1010 2605 1043 2659 et
1068 2619 1179 2681 passus
1202 2605 1261 2674 est,
1281 2597 1336 2662 sed
1358 2619 1458 2684 neque

305 2692 465 2756 Christum
479 2694 654 2757 avolantem
669 2703 743 2758 ente
758 2696 932 2778 passionem
948 2699 989 2760 ab
1004 2697 1028 2760 J
1030 2720 1104 2772 esu;
1129 2699 1184 2762 sed
1200 2701 1282 2764 hunc
1298 2701 1350 2785 qui
1365 2709 1458 2764 natus

304 2801 363 2870 esi,
379 2793 403 2856 J
405 2816 492 2856 esum
508 2793 668 2858 Christum
683 2795 770 2858 novit
791 2797 852 2858 Dei
877 2796 1003 2874 Filium,
1021 2807 1054 2862 et
1072 2801 1204 2864 eundem
1226 2802 1309 2865 hunc
1332 2825 1458 2886 passum

304 2894 519 2970 resurrexisse,
547 2895 806 2979 quemadmodum
833 2895 999 2961 Johannes
1030 2899 1157 2962 Domini
1185 2902 1355 2986 discipulus
1383 2925 1457 2967 con·

228 3031 231 3040 ·
265 3031 270 3041 ·
304 2996 418 3069 firmat,
435 2995 559 3058 dicens:
585 2995 662 3058 Here
677 3006 778 3061 autem
792 2999 909 3082 scripte
923 3010 1002 3078 sunt,
1015 3010 1050 3064 ut
1064 3001 1195 3066 credatis
1209 3005 1353 3088 queniam
1366 3005 1458 3070 Jesus
1525 3083 1527 3088 ,

305 3105 347 3162 est
357 3101 369 3137 ὅ
378 3095 515 3160 Christus
526 3097 714 3176 Filius'Dei,
731 3107 759 3163 et
773 3109 807 3163 nt
821 3101 970 3166 eredentes
985 3104 1080 3167 uitam
1095 3108 1259 3169 6aeternam
1273 3106 1409 3172 habeatis
1423 3110 1458 3173 in
1563 3141 1568 3148 ·

304 3199 423 3261 aeneiae
446 3200 530 3281 ejus;
555 3198 719 3282 providens
746 3201 805 3266 has
834 3203 1032 3289 blasphemas
1060 3206 1193 3293 regulas,
1220 3230 1290 3294 quae
1316 3209 1459 3276 dividunt

305 3299 486 3378 Dominum,
502 3309 651 3384 quantum
668 3326 708 3368 ex
723 3305 799 3390 ipsis
811 3307 936 3387 attinet,
952 3331 992 3372 ex
1007 3309 1106 3373 altera
1121 3319 1152 3373 ct
1168 3311 1267 3375 alters
1281 3314 1459 3379 substantia

305 3401 444 3466 dicentes
462 3424 533 3466 eum
548 3404 675 3470 sactum.
722 3407 856 3493 Propter
872 3411 954 3494 quod
975 3411 1054 3475 etin
1070 3411 1202 3496 epistola
1216 3435 1273 3478 sue
1287 3415 1333 3480 sic
1348 3416 1457 3481 testifi-

140 3519 207 3612 Ἠ.
213 3521 279 3605 {¹2¹
250 3522 279 3569 n,
304 3511 394 3568 catus
422 3513 471 3570 est
496 3506 604 3572 nobis:
628 3509 751 3588 Filioli,
781 3513 944 3578 nocherus
972 3513 1048 3578 hore
1075 3525 1126 3593 est,
1155 3526 1184 3580 et
1209 3519 1459 3602 quemadmodum

353 3662 362 3694 ¹
380 3663 510 3712 Massuur
527 3665 622 3713 cancels
637 3667 719 3716 omvnr'e
734 3685 761 3716 as
775 3669 800 3717 in
815 3671 857 3718 the
907 3685 967 3732 ques
977 3677 1054 3718 tamen
1063 3671 1146 3720 nullus
1152 3681 1287 3723 nostrorum
1295 3675 1367 3724 MSS.
1380 3675 1459 3725 donee

304 3743 432 3802 Aa.MS.,
447 3745 493 3794 but
504 3745 638 3810 testimony
648 3747 668 3794 is
679 3747 705 3795 in
718 3749 749 3796 its
761 3749 855 3800 favour.
907 3751 982 3811 hehet,
1003 3768 1108 3814 qumque
1122 3755 1201 3816 plura
1218 3757 1251 3805 N.
1267 3757 1293 3806 Y.
1312 3759 1459 3820 excerptoris

261 3871 263 3876 ,
305 3823 332 3871 It
348 3840 406 3888 may
423 3831 549 3888 represent
566 3827 609 3875 the
622 3829 749 3877 adverbiul
767 3832 854 3891 πάντα,
907 3832 973 3881 hone
994 3841 1056 3882 norm
1077 3851 1126 3883 neu
1145 3845 1283 3898 opnorcunt.
1317 3839 1388 3904 'they
1406 3855 1455 3900 are,

304 3904 342 3950 sor
360 3906 423 3952 rard
441 3907 529 3965 πάντα,
549 3906 592 3954 the
605 3909 737 3974 preceding
755 3912 858 3960 δυνατῶς
906 3915 1035 3975 therefore,
1060 3918 1161 3966 marked
1187 3936 1215 3969 as
1242 3921 1365 3972 doubtful.
1406 3922 1459 3971 The

305 3983 448 4049 precluding
465 3987 507 4034 the
526 4003 569 4035 use
587 3989 615 4036 of
631 3991 733 4040 πάντως.
907 3996 994 4061 Syriae
1005 3999 1050 4047 has
1062 4001 1139 4050 them.

352 4062 431 4112 ’Aru
445 4067 543 4126 occulta,
558 4069 591 4132 by
602 4071 771 4121 assimilation.
955 4077 1101 4141 'Christum
1125 4083 1248 4132 cancellcd
1270 4085 1304 4148 by
1324 4085 1410 4134 Mass
1431 4103 1459 4136 as

353 4143 605 4210 'Martyrumflorea
619 4169 647 4200 aa
661 4153 783 4202 cremas
797 4171 857 4220 very
906 4160 1014 4209 mrssed
1008 4177 1033 4209 ιιι
1045 4163 1088 4212 the
1100 4164 1153 4225 On
1165 4165 1245 4215 Voss.
1259 4167 1346 4226 MSS,
1360 4167 1406 4216 but
1416 4169 1459 4216 the

261 4297 264 4303 Ι
304 4225 450 4288 beautifully
458 4229 517 4277 calls
529 4231 571 4279 the
579 4235 723 4296 martyred
716 4243 854 4288 innocente
906 4243 956 4290 Aa.
970 4242 1015 4290 has
1026 4245 1054 4303 rt
1068 4246 1158 4294 esalso
1170 4248 1213 4295 the
1225 4249 1280 4311 Syr
1293 4249 1427 4313 anqulg.

305 4307 404 4354 Uariam.
417 4307 551 4370 Martyres.
955 4322 1107 4376 ⁶.aetcrnam
1143 4328 1224 4376 Vocem
1242 4332 1342 4391 αἰώνων,
1361 4347 1413 4393 ques
1430 4331 1459 4380 in

352 4385 362 4416 ⁴
379 4386 431 4434 The
441 4389 519 4437 words
526 4391 640 4441 included
647 4395 732 4444 within
742 4399 856 4448 brsekets
906 4405 992 4453 uostris
1003 4406 1154 4468 Erunprliris
1165 4409 1240 4458 uode.
1254 4427 1303 4460 non
1313 4420 1393 4472 enatat,
1409 4413 1458 4462 Ire·

304 4483 367 4514 uere
383 4469 492 4516 restored
510 4470 543 4532 by
561 4471 733 4536 Fauianum,
752 4479 802 4526 and
819 4497 855 4528 rc·
905 4499 1011 4532 nmium
1022 4487 1307 4540 emmerammenses
1318 4494 1418 4554 reddar
1432 4502 1459 4543 ut

303 4545 387 4595 trained
404 4546 438 4609 by
458 4548 559 4611 Garun,
584 4552 855 4620 observinghowsrer,
904 4563 1456 4632 espnu,sram‚atitqm0r.1m.Gaura.
