3270 5080
694 445 773 500 LOT.
1248 431 1317 497 253

158 600 238 665 ¹Dei
261 599 486 686 supervenisse,
511 598 656 664 dicebant
680 598 760 666 bsec.
796 601 1011 686 ”Quapropter
1031 606 1064 665 et
1085 599 1173 686 ipsae'
1187 619 1317 664 excuss·
1351 607 1405 648 ΜΒ·
1417 606 1457 646 1V·

156 702 235 769 biles
248 713 332 782 sunt,
347 703 535 770 arbitrantes
549 724 583 768 se
598 703 681 768 solus
695 702 821 768 relictas
835 724 906 768 cnm
924 711 1013 789 petre
1027 724 1085 767 suo
1099 702 1141 767 nd
1154 723 1316 767 conserve-
1337 655 1467 787 filil-{llil

156 807 274 870 tionem
297 807 420 893 generis
443 805 580 884 hnmani,
605 813 637 870 et
656 815 782 892 propter
801 805 861 871 hoc
881 805 1162 871 circumveniebant
1182 812 1315 890 patrem.
1331 792 1477 878 „1¹st-

158 909 222 974 Per
241 911 334 976 verbo
352 917 457 974 sutem
469 931 578 974 earnm
593 909 838 996 significabatur,
858 909 1013 974 neminem
1027 930 1097 974 esso
1114 907 1247 974 slterum
1261 907 1316 992 qui

156 1011 257 1097 possit
270 1012 403 1077 filiorum
422 1011 656 1098 generationem
670 1011 780 1098 majori
795 1020 828 1077 et
842 1011 954 1076 minori
972 1032 1141 1099 synogogae
1155 1018 1315 1097 proestare,

156 1117 275 1199 ³quom
291 1115 420 1180 Patrem
434 1123 586 1180 nostrum.

223 1221 254 1282 2.
297 1217 394 1283 Peter
412 1225 519 1282 eutem
541 1217 666 1304 generis
686 1217 815 1282 humani
834 1217 977 1284 Verbum
998 1216 1079 1282 Dei:
1116 1216 1315 1304 quemadmo-

156 1319 232 1384 dum
255 1320 384 1406 Moyses
407 1319 545 1385 ostendit
570 1320 696 1386 dicens:
731 1320 843 1386 Nonne
869 1321 918 1386 bic
943 1322 1007 1408 ipse
1029 1321 1131 1385 Peter
1155 1329 1224 1384 tous
1244 1319 1479 1406 ⁴qer'oenmue

149 1423 285 1508 possedit
307 1433 344 1501 te,
371 1432 400 1487 et
412 1424 494 1507 feeit
517 1432 555 1501 te,
582 1431 611 1487 et
634 1423 751 1488 oreae&
773 1423 830 1488 te?
874 1424 1006 1507 Quando
1030 1423 1126 1511 igitur
1148 1422 1200 1488 hio
1222 1421 1316 1487 vitale

156 1545 274 1604 semen,
295 1525 346 1589 ⁵id
360 1533 419 1602 est,
442 1524 595 1610 Spiritum
615 1524 807 1591 remissionis
823 1535 1020 1610 peccatorum
1041 1547 1096 1612 per
1113 1547 1205 1614 quem
1219 1523 1316 1590 vivifi-

156 1625 437 1706 cnmur,effi1ditin
450 1627 621 1692 humanum
635 1629 756 1714 genusi
775 1648 879 1692 nonne
889 1635 965 1693 tuno
976 1631 1065 1692 ⁶cum
1074 1626 1316 1692 convescebatur

156 1749 230 1792 cnm
241 1729 427 1808 homiuibus,
437 1738 470 1795 et
481 1729 607 1795 bibebet
617 1731 723 1794 vinum
734 1729 1315 1815 interrslVenit‚eni1ninquit‚Filius
1327 1739 1382 1780 ”stt
1398 1739 1430 1778 ¹¹·
1440 1739 1470 1780 ¹⁹·

155 1833 299 1900 Hominis
319 1835 508 1898 manducone
529 1843 558 1900 et
579 1832 698 1899 liberm
721 1841 754 1898 et
775 1855 849 1900 cum
862 1834 1055 1900 recubuisset
1069 1832 1265 1910 obdormivit,
1281 1840 1314 1898 et

156 1936 319 2000 ⁷somnum
334 1935 428 2022 cepit.
461 1936 730 2018 Quemadmodum
740 1937 806 2024 ipse
821 1937 855 2002 in
869 1936 972 2002 David
984 1935 1078 2002 dicit:
1101 1937 1168 2023 Epo
1182 1935 1315 2000 dormivi
1325 1943 1358 1982 Ρ*
1367 1939 1424 1982 Μ

156 2041 347 2104 etlsomnum
362 2041 438 2126 cepi.
469 2038 514 2103 Et
525 2038 672 2124 qnoniam
682 2038 715 2102 in
726 2048 834 2104 nostra
844 2039 1124 2105 communicatione
1135 2047 1167 2104 et
1178 2039 1243 2104 vite
1254 2039 1315 2103 hoc

154 2142 282 2228 egebat,
297 2141 411 2206 iterum
425 2141 489 2206 eit:
512 2141 558 2206 Et
570 2163 689 2206 somnus
704 2165 786 2207 mesre
798 2144 902 2208 recob
915 2143 1104 2228 milifootus
1119 2153 1169 2208 eet.
1200 2142 1317 2208 Totum
1326 2147 1475 2188 'mm

154 2253 263 2308 eutem
282 2244 516 2330 significabatur
536 2265 591 2328 per
613 2244 686 2324 Lot,
708 2243 855 2329 quonism
874 2265 982 2309 semen
999 2245 1097 2330 petris
1111 2245 1261 2324 omnium,
1283 2245 1316 2312 id

155 2353 216 2424 est,
231 2345 366 2432 Spiritus
380 2345 452 2425 Dei,
467 2368 523 2432 per
537 2347 728 2431 quemfacta
742 2354 816 2411 sunt
830 2347 944 2423 omnio,
960 2346 1149 2410 commixtus
1163 2355 1195 2411 et
1210 2347 1317 2415 unitus

155 2457 208 2514 est
232 2449 346 2527 ⁸osrni‚
367 2449 428 2514 hoo
453 2457 513 2527 est,
538 2449 685 2534 plasmet-i
710 2469 785 2512 suo:
816 2469 872 2534 per
892 2469 986 2532 quem
1008 2447 1262 2512 commixtionem
1283 2457 1317 2516 et

155 2551 312 2616 unitatem
327 2551 397 2614 duee
411 2571 589 2638 synogogae,
604 2550 699 2615 idest
714 2550 784 2616 duae
796 2549 1062 2637 congregationes,
1076 2549 1317 2618 lfructificantes

157 2675 200 2720 ex
223 2661 313 2738 petre
335 2674 393 2718 suo
416 2653 498 2718 lilios
520 2653 607 2718 vivos
628 2651 696 2718 vivo
719 2652 799 2718 Deo.
857 2651 902 2718 Et
924 2674 996 2718 cum
1016 2652 1086 2718 haec
1106 2653 1217 2718 fierent
1238 2675 1316 2718 uxor

208 2856 293 2918 ¹Dre',
314 2857 419 2923 missing
438 2857 465 2907 in
482 2858 526 2908 the
544 2857 644 2908 Cunus.
664 2859 715 2908 end
765 2859 903 2924 requirunt.
938 2859 992 2910 Ubi
1003 2859 1044 2908 hio
1054 2857 1162 2908 libidinis
1173 2859 1316 2924 onlpslubi

157 2940 241 2990 Voss.
255 2939 342 3000 MSS„
350 2940 431 2988 which
442 2940 494 2990 eleo
505 2940 568 2990 omit
579 2956 652 3004 psam
663 2939 713 2989 Pe·
764 2943 852 2992 incesti
870 2944 963 2993 misnen
982 2944 1112 3009 urguitnrl
1129 2943 1253 3008 quomodo
1274 2943 1317 2992 ds·

156 3027 217 3072 bem
228 3029 342 3082 menn,
357 3023 444 3073 below.
763 3025 832 3075 bitur
842 3026 911 3087 vitio,
929 3025 996 3090 quod
1008 3043 1059 3075 nou
1073 3025 1178 3074 iteretur·
1190 3026 1216 3074 in
1231 3025 1316 3076 leotol

207 3101 220 3136 ²
236 3105 295 3153 Post
311 3103 432 3153 Immune
443 3103 537 3154 easdem
549 3111 644 3154 mot
658 3103 711 3154 Ori·
762 3107 802 3156 lo
818 3106 865 3156 bac
884 3107 996 3170 Onnes&
1012 3106 1127 3156 antonio
1139 3121 1189 3155 reon
1205 3105 1317 3156 nescirent

96 3229 105 3246 ,
155 3201 228 3251 penes
244 3185 283 3235 ne
299 3185 392 3237 meir.-
408 3187 550 3236 Andiensnt
562 3188 589 3236 in
602 3187 651 3236 fine
668 3203 712 3236 sre-
765 3187 949 3250 Otr-yconomus,
960 3187 1124 3249 duodenne,
1134 3186 1313 3248 erimbrot-irre,

157 3269 209 3318 culi
231 3271 324 3316 terrem
347 3272 373 3316 et
394 3269 479 3317 omnin
503 3269 624 3318 clemente
645 3268 712 3332 ignis
763 3268 806 3320 lib.
819 3281 848 3318 11.
861 3268 1036 3318 chbruIeom.
1062 3268 1182 3318 Furorum.

157 3350 247 3400 ardore
268 3349 434 3414 decoquenda.
473 3349 602 3399 Videbunt
618 3350 711 3412 ignem,
812 3347 913 3412 'mecm
923 3349 956 3401 P.
969 3366 995 3400 n.
1008 3350 1113 3399 omitted
1125 3349 1179 3410 Gn,
1192 3350 1274 3400 Voss.

158 3431 437 3494 vidcbsntsulphurees
455 3431 576 3491 flnmmss,
595 3431 714 3480 videbant
811 3430 823 3462 ⁴
835 3430 942 3494 pomedit
964 3437 992 3492 te,
1016 3431 1104 3481 LXX.
1135 3433 1254 3492 ἐκτήσατὸ
1276 3449 1313 3492 σε,

157 3517 250 3562 minoto
267 3513 369 3574 sutori,
392 3518 498 3562 matrem
520 3528 620 3576 quoque
642 3527 713 3561 sunm
762 3513 814 3586 Ἤρ
827 3512 844 3562 s'.
855 3528 875 3562 c.
894 3513 1021 3577 possessed
1036 3529 1063 3562 as
1076 3530 1093 3562 s
1109 3513 1190 3562 father
1203 3514 1242 3562 bis
1259 3529 1314 3574 son,

158 3595 279 3644 videbant
299 3611 351 3644 non
375 3611 428 3644 esse
453 3595 582 3644 selvatm.
629 3593 714 3660 Suspi-
761 3593 948 3657 degeneratione.
983 3593 1029 3642 See
1040 3611 1066 3658 p.
1082 3604 1136 3655 157,
1149 3610 1175 3642 n.
1189 3607 1213 3656 5.

158 3680 223 3726 cstae
233 3680 294 3724 sunt
310 3677 361 3724 tulo
374 3676 467 3740 aliquid
480 3677 584 3737 sectum
598 3676 672 3740 quale
686 3677 712 3725 in
811 3674 822 3706 ⁶
838 3675 867 3723 id
875 3675 1004 3738 osrelessly
1013 3675 1118 3724 omitted
1129 3675 1155 3723 in
1162 3675 1205 3723 the
1214 3675 1314 3725 (insunt.

158 3757 314 3820 temporibus
327 3757 458 3806 erudierunt
470 3757 536 3818 Noe,
551 3763 577 3807 et
594 3759 627 3807 ob
642 3773 712 3822 repn-
762 3773 834 3822 copy.
868 3757 921 3806 The
935 3757 1016 3805 words
1034 3761 1095 3805 next
1107 3755 1235 3820 following
1250 3771 1316 3805 seem

158 3837 265 3887 rsndsm
275 3837 419 3887 mortalium
430 3839 599 3902 posteritatem
610 3839 675 3888 soles
687 3855 713 3888 re
761 3843 789 3888 to
796 3837 900 3887 confirm
909 3837 951 3886 the
959 3837 1062 3900 reading
1069 3835 1220 3886 connecto
1227 3837 1314 3898 above,

158 3935 279 3970 mecum
287 3923 515 3982 perentessrvstes.
539 3919 713 3985 Recupernndi
761 3936 786 3985 p.
803 3934 856 3982 131,
870 3936 896 3969 n.
910 3921 934 3969 8.

158 4000 713 4066 igiturhumsnigenerisdesideriumsumnnt.
812 3999 824 4034 ⁶
839 4003 890 4052 An
903 4009 960 4052 nuto
971 4003 1160 4053 merescere.

158 4083 196 4131 Et
207 4081 322 4146 quemvis
335 4097 411 4146 grave
426 4083 461 4131 eie
472 4082 597 4130 rideretur
610 4083 711 4144 crimem
811 4082 822 4119 ²
840 4085 940 4134 Cossu.
958 4085 1079 4134 emuniens
1089 4085 1115 4133 in
1126 4084 1187 4134 both
1198 4083 1287 4148 pisces.

158 4165 237 4215 rimari
248 4166 409 4214 concubitum
418 4167 509 4230 petris;
522 4167 712 4230 grsviortsmen
812 4165 824 4199 ⁸
839 4167 911 4216 corni
928 4165 971 4216 noe
987 4173 1026 4227 eet,
1040 4165 1144 4215 omitted
1160 4167 1186 4215 in
1202 4167 1246 4215 the
1262 4166 1315 4216 AB.

159 4247 293 4298 videbatur
308 4247 431 4313 impietus,
449 4249 600 4298 sihumsnrs
613 4250 714 4313 posteri·
762 4248 826 4297 bom
837 4263 981 4297 reourrenoe
992 4249 1021 4297 of
1029 4249 1073 4297 the
1084 4248 1159 4297 letter
1169 4247 1245 4298 word.

159 4329 220 4380 tetis
237 4345 315 4395 spem,
335 4335 435 4380 serrets
453 4331 577 4391 castitate,
595 4329 711 4380 delerent
812 4329 1013 4394 ”fructificantes
1033 4347 1068 4382 oe.
1111 4331 1212 4381 Gom.
1228 4330 1316 4394 jectiti-

160 4411 245 4460 Petris
256 4413 402 4462 moestitism
412 4412 453 4462 vel
463 4413 570 4476 rigorem
581 4413 640 4463 vino
652 4412 712 4461 mol·
762 4419 829 4462 carc.
857 4413 910 4462 The
921 4417 986 4462 term
997 4413 1158 4474 cven'ycybis
1169 4427 1317 4477 esynonym

159 4493 387 4544 liuntetsolvunt:
404 4495 509 4560 singulis
523 4496 641 4560 ingressos
656 4511 713 4544 noc·
763 4494 911 4552 olecclerim
924 4511 964 4544 see
975 4512 999 4560 p.
1014 4509 1055 4556 eo,
1066 4494 1161 4556 snd17,
1173 4510 1199 4544 n.
1213 4508 1234 4544 1.
1246 4493 1317 4542 idest

160 4575 236 4637 tibus,
258 4577 363 4642 singulte
379 4578 518 4643 suscipiunt
534 4579 567 4628 sb
583 4578 714 4643 ignorante
763 4577 819 4626 dure
829 4576 1026 4640 emprepotiencn
1039 4593 1098 4642 moy
1111 4577 1141 4626 be
1152 4575 1231 4639 sefely
1241 4574 1316 4623 reler-

161 4663 319 4725 conoeptum.
354 4660 431 4712 Ultra
448 4677 499 4711 non
517 4665 642 4727 repetunt,
663 4677 714 4710 non
762 4659 806 4709 red
817 4663 845 4708 to
857 4659 900 4708 the
911 4659 1016 4723 margin.
