3260 5082
301 307 368 374 394
714 325 898 382 cameras
923 325 1033 380 naurs

168 491 260 579 tlt-t:

140 585 186 626 GR.
195 585 221 624 V.
231 585 288 626 xxvi.

155 631 270 717 “stt
746 653 847 720 aar.
870 653 1012 721 xxvi.
1474 675 1570 716 aa.

304 803 405 895 Quia
421 806 611 882 Joltannes
628 819 659 882 et
685 807 827 883 Daniel
844 807 1099 908 pradiaerant
1121 808 1276 908 imperii
1294 807 1463 884 Romani

377 923 648 1002 dissolutionem
677 941 709 1001 et
738 925 1111 1026 desolationemque
1125 929 1247 1024 finem
1266 925 1400 1001 mandi
1425 939 1459 1000 et

378 1041 547 1140 Repnam
559 1043 699 1118 Christi
710 1057 883 1119 atomum
894 1045 1092 1144 praescia,-
1109 1045 1324 1144 refellantur
1341 1043 1460 1119 aliam

376 1185 402 1234 a
412 1158 616 1257 Demiarpo
630 1173 779 1260 patrem
792 1161 1030 1259 corianaentes
1043 1161 1217 1254 Gnostici,
1233 1159 1387 1236 Satana
1398 1187 1457 1236 or-

374 1301 486 1372 pana,
506 1304 660 1376 quonam
675 1304 790 1378 opera
806 1305 902 1354 nano
919 1278 1043 1354 Deam
1060 1292 1187 1378 aperte
1204 1279 1438 1378 blasphemat.

303 1443 333 1506 1.
373 1441 615 1507 Msurrnsrrus
637 1443 740 1510 adhuc
760 1445 857 1509 etiam
878 1445 917 1510 de
939 1445 1106 1510 novissimo
1127 1451 1278 1529 tempore,
1299 1453 1332 1508 et
1350 1443 1389 1507 de
1406 1441 1458 1508 hia

302 1545 440 1632 quisunt
453 1545 486 1610 in
500 1568 538 1612 eo
553 1546 661 1613 decem
672 1548 808 1634 regibus,
824 1548 856 1612 in
871 1569 950 1634 quos
960 1547 1115 1612 dividetur
1130 1547 1213 1634 quod
1230 1569 1312 1612 nunc
1328 1550 1457 1633 ¹regnat

302 1647 475 1732 imperium,
490 1648 677 1736 significavit
691 1649 856 1716 lohannes
869 1649 997 1716 Domini
1013 1649 1173 1736 discipulis
1187 1649 1220 1714 in
1235 1648 1456 1735 ²Apocalypsi,

303 1749 476 1814 edisserens
491 1773 560 1837 quse
575 1751 689 1816 luerint
703 1751 811 1817 decem
827 1774 951 1832 cornua,
967 1775 1037 1836 quse
1051 1774 1071 1816 a
1086 1751 1216 1816 Daniele
1230 1749 1297 1816 visa
1310 1759 1393 1827 sunt,
1409 1751 1457 1814 di·

139 1867 264 1954 pffixvu.
306 1871 381 1916 cens
400 1851 446 1916 sic
465 1851 584 1918 dictum
598 1875 667 1918 esse
681 1853 759 1919 sibi:
780 1854 844 1920 ³Et
863 1855 963 1918 decom
979 1875 1093 1918 corana
1112 1875 1181 1939 qna
1195 1853 1311 1931 uidisti,
1332 1853 1458 1918 *mern

138 1962 287 2047 35332023„
305 1971 386 2038 repes
406 1961 486 2032 sant,
506 1955 560 2039 qai
581 1976 705 2040 repnam
726 1957 876 2020 ⁴nondam
896 1963 1084 2043 aoontsmmt,
1106 1955 1160 2018 sed
1171 1963 1348 2041 potestatem
1368 1955 1459 2040 qnasi

141 2062 265 2094 ¹⁰¹¹“0ffi
305 2076 387 2140 repes
406 2078 469 2120 tnta
483 2057 558 2121 loru
573 2058 722 2144 accipient
741 2081 808 2123 ann
829 2056 932 2123 bestia.
968 2058 1017 2122 Hi
1030 2078 1124 2121 anam
1141 2057 1319 2122 canentiam
1337 2055 1456 2135 laban,

303 2165 333 2220 st
345 2157 488 2223 virtatem
503 2169 531 2224 st
537 2168 714 2244 potestatem
731 2182 822 2226 snam
836 2161 934 2226 latia
952 2161 1037 2225 dant.
1073 2159 1139 2224 ὅΗί
1156 2181 1224 2223 aem
1242 2180 1320 2244 apno
1332 2181 1457 2246 papnu-

285 2257 384 2340 'lant
401 2271 430 2326 st
443 2284 540 2348 aynan
554 2265 652 2328 oinoet
666 2285 721 2342 eos,
737 2265 881 2350 qnoniam
896 2265 1048 2328 Dominae
1061 2263 1263 2327 Dominorsnn
1279 2271 1330 2340 est,
1346 2273 1374 2327 et
1388 2263 1458 2328 Ilea

302 2363 429 2450 Rapum.
463 2365 668 2432 Manifestum
683 2375 732 2433 est
747 2367 862 2453 itaque,
878 2366 1023 2453 quoniam
1038 2388 1078 2432 ex
1092 2365 1141 2430 his
1151 2374 1216 2430 tres
1227 2365 1391 2430 interficiet
1405 2363 1457 2430 ille

303 2466 356 2552 qui
375 2476 522 2534 venturus
536 2477 595 2548 est,
615 2477 647 2534 et
662 2470 771 2556 reliqui
791 2469 995 2557 subjicientur
1011 2469 1051 2548 ei,
1066 2476 1099 2535 ct
1118 2469 1184 2555 ipse
1200 2477 1328 2535 octavus
1342 2469 1375 2533 in
1389 2469 1454 2533 eis:

302 2577 335 2635 et
350 2573 516 2637 vastabunt
536 2573 738 2660 Babylonem,
754 2581 787 2638 et
806 2574 989 2638 comburent
1010 2594 1080 2638 eam
1100 2571 1174 2659 igni,
1196 2580 1229 2636 et
1247 2573 1367 2638 dabunt
1385 2594 1456 2659 reg-

302 2693 485 2738 numanum
503 2675 622 2753 bestiae‚
645 2685 678 2740 et
695 2675 877 2763 effugabant
900 2674 1092 2740 Ecclesiam:
1115 2681 1187 2761 post
1208 2675 1320 2739 deinde
1339 2675 1380 2739 ab
1401 2674 1455 2738 ad-

302 2783 398 2840 ventu
419 2775 547 2841 Domini
569 2777 667 2842 nostri
688 2777 895 2844 destruentur.
941 2779 1095 2860 Quoniam
1116 2777 1199 2844 enim
1219 2785 1342 2864 oportet
1361 2777 1454 2842 dividi
1468 2803 1553 2844 aar.
1594 2801 1595 2862 t

140 2901 283 2943 amnica
303 2899 444 2964 regnum,
460 2886 493 2942 et
507 2879 553 2944 sic
572 2878 720 2964 deperire,
735 2879 910 2946 ⁶Dominus
926 2881 991 2946 ait:
1018 2881 1111 2945 Omne
1129 2902 1255 2966 repnmn
1273 2879 1407 2945 maiman
1421 2881 1456 2945 in
1594 2875 1595 2880 ¹

302 3003 343 3059 se,
359 2979 560 3046 desolabitur:
584 2993 613 3048 et
625 2984 720 3048 omnis
738 2983 848 3048 ciuitas
861 2983 910 3048 ool
927 2983 1031 3049 donum
1048 2983 1150 3048 diana
1167 2986 1202 3048 in
1221 3005 1259 3063 ss,
1278 3005 1337 3048 non
1354 2983 1456 3049 stabit.

303 3081 408 3148 Dividi
420 3083 516 3170 igitur
530 3092 563 3150 et
577 3107 718 3173 regnum,
734 3094 767 3151 ct
782 3085 949 3164 civitatem,
963 3093 996 3151 et
1010 3085 1136 3152 domum
1150 3094 1272 3172 oportet
1284 3085 1317 3150 in
1331 3085 1453 3151 decem:

302 3191 335 3249 et
348 3193 513 3272 propterea
522 3187 590 3273 jam
604 3189 803 3275 partitionem
817 3196 850 3253 et
864 3187 1045 3253 divisionem
1059 3187 1279 3275 praefiguravit.
1327 3187 1373 3252 Et
1387 3187 1455 3252 dili·

351 3371 361 3404 ¹
378 3371 431 3423 Ar.
445 3381 553 3436 masam.
898 3373 1150 3438 pramiomintellipit
1157 3373 1329 3437 Hieronymm.
1342 3373 1456 3422 Arimin

352 3451 853 3520 ’Beloclmopsrspia'maslilramdpo-
904 3455 982 3504 diam
997 3455 1129 3518 scripserit
1145 3456 1208 3506 aas
1223 3456 1340 3506 inosrtean
1352 3462 1399 3506 eat:
1415 3469 1454 3504 nc·

303 3535 425 3600 odypmos
443 3538 474 3586 at
491 3537 558 3586 orani
576 3537 719 3600 antiquina
737 3545 858 3601 receptans
904 3552 949 3600 asse
970 3537 1071 3586 maias
1086 3539 1185 3586 nemini
1195 3538 1254 3600 fieri
1269 3537 1409 3587 mannaan
1424 3537 1455 3587 al

298 3616 380 3680 faisse
390 3617 418 3666 in
429 3618 542 3680 Ecclesia,
559 3635 601 3668 nec
613 3617 703 3667 lrasai
714 3626 817 3681 amporc
828 3619 858 3667 de
905 3617 944 3678 iis,
967 3617 1010 3680 qai
1026 3618 1056 3667 de
1072 3618 1166 3668 [mccc
1183 3621 1337 3682 mtipomnt.
1372 3621 1455 3668 aaa

304 3697 564 3748 Aatlorudalr'tatam.
590 3699 858 3762 Vicinamaatemrlpo
905 3713 959 3746 mro
980 3698 1095 3748 cantic
1117 3701 1148 3749 de
1169 3701 1362 3774 Apostasia,·de
1383 3700 1453 3749 Anti·

304 3778 378 3838 stolis,
396 3778 516 3841 etPapia
526 3778 662 3828 auditorem
668 3777 749 3841 faisse
759 3778 854 3840 ammas,
905 3777 993 3828 altr-isto
1004 3786 1025 3828 et
1037 3779 1087 3841 aas
1101 3781 1247 3842 arctatae,
1264 3797 1317 3844 prta
1329 3781 1455 3844 dilipeater

305 3859 643 3922 oniJoannisaaditor-fuit.
675 3859 857 3909 Naoatellie
905 3860 1312 3922 apmmnaaamieoaemm.
1337 3864 1452 3913 Gentes.

305 3957 421 4005 ronyrnar
431 3941 461 3990 do
470 3941 567 3992 Ioanne
577 3941 688 4002 sorilosa
697 3941 736 4004 (in
744 3941 857 4004 Gamlopo
954 3939 965 3972 ³
981 3949 1002 3990 a
1013 3943 1151 3992 omittedin
1161 3944 1205 3992 the
1214 3944 1264 3992 Aa.
1277 3943 1363 3994 isread
1373 3945 1401 3992 in
1412 3945 1454 3994 the

305 4021 457 4084 θινίρεοιιιηι
467 4021 751 4084 Ecclesiastioorameap.
764 4020 800 4086 9),
815 4022 858 4072 lton
906 4021 1006 4072 Carsu.
1040 4023 1454 4088 'I'hisisthelaataarialertiosup-

305 4102 692 4160 nortmannicarum
700 4103 750 4154 ait:
761 4103 857 4163 Quarto
904 4104 970 4167 plied
986 4105 1020 4168 by
1036 4105 1087 4154 this
1102 4104 1178 4154 latter
1193 4105 1260 4164 MS„
1279 4106 1359 4156 which
1376 4104 1453 4154 hers*

305 4183 401 4234 decimo
417 4201 484 4234 anuo
505 4185 639 4236 secundam
656 4189 714 4250 post
730 4185 857 4237 Neronem
905 4202 986 4236 comes
997 4191 1024 4236 to
1035 4203 1067 4235 an
1079 4188 1171 4252 abrupt
1181 4188 1330 4237 conclusion.

306 4268 503 4331 persecutionem
525 4273 641 4317 movente
663 4267 857 4330 Domitianam
953 4268 965 4300 ⁴
980 4267 1097 4318 aaudiat.
1133 4271 1165 4320 G.
1183 4271 1212 4320 T.
1232 4271 1305 4320 clara.
1346 4271 1452 4320 Annum

307 4347 415 4396 Patmon
430 4349 537 4397 insulam
547 4349 671 4413 relegatum
682 4350 780 4413 scripsit
790 4350 857 4414 Apo·
904 4351 1000 4400 m-andi.

306 4429 425 4492 eclypsin,
445 4445 521 4492 quem
540 4431 718 4495 interpretatur
739 4431 857 4480 lustinus
954 4433 1032 4481 'Aa
1048 4432 1094 4482 tte.

307 4511 346 4559 M.
359 4515 385 4560 ct
400 4511 517 4560 Irenaens.
551 4511 590 4560 De
605 4511 651 4559 lac
662 4511 772 4573 forsitan
783 4513 855 4561 inter·
953 4512 1032 4561 ‘Aa
1046 4513 1107 4563 adds
1118 4513 1186 4563 aaa.
