3270 5080
357 376 422 442 228
739 391 923 446 CHRISTUS
948 389 1126 444 SALUTEM

214 559 317 600 ιιιιι.
354 540 546 628 patriarchas
566 561 640 606 snos
657 548 691 608 et
708 542 875 628 propbetas
893 541 1096 628 praeligurans
1110 546 1143 605 et
1157 538 1370 626 praenuntians
1390 539 1514 616 futura,

218 617 263 692 ιιιῖ
220 609 312 738 ωῐξξ
353 665 565 731 praecxercens
578 665 667 710 suam
682 653 803 731 partem
817 643 1071 731 dispositionibus
1088 642 1160 722 Dei,
1175 650 1208 708 et
1230 646 1428 707 ¹assuesoens
1443 641 1514 704 bae·

202 710 328 832 ¹35⁸?
352 747 518 814 reditatem
539 769 630 813 suam
651 749 777 814 obedire
795 748 876 827 Deo,
894 755 928 814 et
948 747 1138 835 peregrinari
1161 747 1194 811 in
1215 745 1341 824 seculo,
1362 752 1396 812 et
1416 743 1512 830 sequi

193 869 338 878 -“-·
352 853 479 916 verbum
507 852 585 938 ejus,
615 860 647 918 et
676 852 935 939 ²praesignificare
964 853 1079 918 lutura.
1121 851 1228 916 ¹Nihil
1252 851 1335 916 enim
1364 871 1513 928 muum,

350 975 451 1042 neque
466 953 534 1020 siue
548 954 639 1042 signo
653 955 736 1042 apud
752 954 866 1020 Deum.

775 1123 876 1190 OAP.
901 1123 1082 1190 XXXVI.

355 1249 481 1341 Quare
500 1247 590 1322 lavit
603 1247 719 1349 pedes
739 1247 1007 1347 discipolorum
1027 1247 1221 1340 Dominus,
1245 1261 1277 1322 ct
1294 1273 1409 1347 quare
1431 1245 1512 1322 dre-

429 1364 690 1440 cumbcntcbus:
716 1378 749 1440 et
766 1363 863 1464 quod
880 1363 959 1464 ipsc
974 1363 1145 1440 similiter
1161 1377 1246 1440 ame
1266 1389 1387 1440 omncs
1402 1363 1513 1438 Deos
1614 1366 1619 1448 ἵ

430 1481 638 1557 ostenditur.
1614 1510 1619 1524 ·

355 1633 386 1695 1.
418 1629 459 1693 Iu
475 1631 650 1697 novissimis
663 1639 769 1696 autem
781 1631 982 1716 temporibus,
997 1653 1071 1696 cum
1083 1629 1169 1696 veuit
1184 1629 1343 1716 plenitudo
1357 1627 1511 1714 temporis
1526 1655 1559 1694 ιι
1569 1655 1619 1698 ιιι

191 1759 244 1799 sur.
254 1759 280 1798 n.
290 1759 308 1796 ι
353 1731 516 1810 libertatis,
532 1733 634 1818 ipsum
647 1731 789 1798 Verbum
800 1754 855 1819 per
869 1733 1005 1820 seipsum
1020 1733 1128 1798 sordes
1141 1733 1240 1797 abluit
1254 1731 1406 1796 ⁴liliarum
1419 1729 1510 1808 Sion,

190 1855 238 1896 sus.
249 1855 323 1895 ιιιι
354 1835 497 1898 manibus
525 1834 591 1900 suis
616 1834 724 1900 lavans
752 1835 848 1921 pedes
874 1833 1106 1922 discipulorum.
1151 1833 1217 1900 Hic
1243 1841 1293 1900 est
1322 1834 1406 1898 enim
1435 1832 1512 1898 finis

353 1934 481 2000 humani
495 1935 619 2023 generis
633 1935 890 2002 ¹baeredificautis
902 1935 1021 2010 Deum;
1036 1937 1083 2002 uti
1099 1933 1360 2025 quemadmodum
1374 1933 1407 1999 iu
1417 1933 1510 2002 initio
1614 1934 1617 1943 '

353 2059 409 2124 per
422 2037 549 2125 primos,
569 2060 679 2104 omnes
693 2039 726 2103 in
745 2039 928 2104 servitutem
947 2039 1065 2105 reducti
1084 2061 1192 2105 sumus
1206 2039 1313 2103 debito
1328 2037 1447 2115 mortis,
1462 2038 1511 2102 sic

354 2141 388 2206 iu
405 2141 515 2207 ultimo
530 2163 585 2228 per
605 2142 807 2208 novissimum
821 2164 930 2208 omnes
944 2141 997 2231 qui
1017 2143 1057 2207 ab
1075 2141 1165 2206 initio
1179 2139 1332 2227 discipuli,
1348 2141 1511 2206 emundati

354 2255 388 2311 et
401 2247 499 2312 abluti
514 2269 584 2334 quae
597 2255 671 2313 sunt
684 2247 805 2326 mortis,
820 2248 854 2311 in
867 2246 965 2311 vitam
979 2245 1106 2310 veniant
1120 2245 1196 2311 Dei.
1232 2245 1295 2327 Qui
1310 2243 1394 2309 enim
1414 2243 1512 2329 pedes

354 2348 430 2414 lavit
444 2349 674 2436 discipulorum,
690 2358 793 2415 totum
807 2348 1012 2415 sanctificavit
1027 2369 1149 2432 corpus,
1162 2355 1195 2412 et
1209 2348 1242 2410 in
1257 2347 1512 2412 emundationem
1526 2367 1556 2406 o.
1566 2371 1607 2408 ιι,

354 2451 496 2518 adduxit.
532 2453 727 2539 Quapropter
755 2461 789 2518 et
817 2449 1069 2517 recumbentibus
1098 2449 1145 2516 eis
1172 2449 1369 2514 ministrabat
1394 2471 1511 2529 escam,

353 2555 534 2642 significans
550 2575 605 2620 eos
625 2555 678 2641 qui
698 2553 731 2618 in
748 2563 833 2620 terra
851 2553 1082 2632 recumbebant,
1103 2553 1215 2639 quibus
1233 2553 1318 2618 venit
1335 2551 1513 2618 ministrare

353 2659 461 2724 vitam.
491 2658 580 2724 Sicut
596 2657 775 2723 Hieremias
786 2657 849 2722 ait:
869 2657 1157 2722 Recornmomorotca
1171 2666 1213 2721 cat
1226 2656 1377 2722 Dominus
1390 2666 1513 2723 condus

354 2760 459 2826 Israel
470 2769 656 2826 bunuorum
669 2780 802 2836 sumum,
817 2759 889 2845 ⁰qui
897 2759 1158 2844 prccdorraiarwnt
1175 2759 1210 2823 ia
1224 2768 1310 2824 tarra
1324 2759 1511 2844 defessionis,

355 2871 384 2926 et
402 2862 554 2926 ducendit
568 2861 614 2925 od
631 2883 686 2940 coc,
707 2861 755 2926 cti
769 2859 1032 2946 amabant-or
1002 2883 1046 2926 asa
1063 2859 1200 2926 solatura
1213 2881 1311 2939 saum,
1332 2861 1377 2925 od
1387 2861 1512 2926 ιοίυοιι-

191 2975 228 3014 ¹¹·
229 2979 251 3014 ¹¹-
257 2975 314 3015 ¹¹v¹
354 2965 428 3030 darm
442 2985 498 3029 coa.
543 2965 677 3051 Propter
694 2963 754 3029 hoc
767 2971 884 3043 autem,
898 2972 932 3029 et
950 2963 1170 3081 discipulorum
1189 2965 1271 3030 oculi
1286 2975 1376 3030 erant
1389 2967 1512 3053 gravati

191 3023 299 3162 „33¹¹
263 3068 336 3113 ¹¹¹³⁷
355 3066 497 3132 veniente
512 3065 637 3132 Ohristo
651 3065 692 3130 ad
706 3067 893 3150 passionem,
908 3067 964 3132 et
955 3067 1116 3133 inveniens
1129 3089 1183 3132 eos
1197 3067 1386 3133 dormientes
1400 3069 1512 3132 Domi-

191 3159 334 3256 ξιξιιιῑ·45
355 3191 425 3248 nus
447 3167 547 3254 primo
569 3168 695 3254 quidem
721 3167 849 3247 dimisit,
876 3169 1058 3257 significans
1083 3169 1268 3256 patientiam
1294 3171 1392 3237 Dei'
1383 3193 1417 3235 ιιι
1439 3173 1513 3238 dor·

355 3272 486 3338 mitione
503 3271 682 3336 hominum:
706 3272 843 3338 secundo
862 3296 935 3339 vero
955 3275 1081 3340 veniens
1098 3273 1246 3339 excitavit
1264 3296 1328 3350 eos,
1350 3283 1383 3340 et
1399 3275 1510 3354 erexit,

356 3375 536 3462 significans
562 3375 708 3459 quoniam
732 3376 836 3461 passio
863 3377 931 3462 ejus
958 3377 1191 3463 expergefactio
1216 3387 1266 3442 est
1291 3375 1511 3442 dormientium

192 3492 331 3542 Bubulco
356 3477 587 3566 discipulorum,
612 3487 739 3566 propter
765 3501 842 3564 quos
865 3479 911 3546 ⁷et
932 3479 1082 3545 mandit
1104 3481 1140 3544 ia
1162 3481 1316 3567 iuferiora
1337 3490 1439 3560 terroe,
1461 3481 1513 3546 ⁸id

404 3625 415 3658 ¹
433 3627 522 3687 ἐθίζων,
534 3628 651 3692 meaning
662 3628 741 3678 either
748 3627 908 3692 mustacem
957 3627 1096 3692 possession
1112 3627 1141 3676 ol
1155 3627 1296 3694 bereditary
1312 3628 1444 3693 privilege;
1460 3629 1512 3677 and

355 3723 535 3760 mutuamus.
958 3709 1513 3774 thebenefltisrenonpectine,nffectingomsca

404 3790 416 3824 ¹
422 3791 622 3856 murittum,
632 3791 905 3853 curnu.,Au.,Voss.,
957 3789 1001 3853 oui
1012 3791 1042 3840 at
1053 3789 1125 3839 initio
1136 3789 1262 3854 dr'scipoli.
1293 3790 1331 3839 Cf.
1345 3791 1413 3840 Heb.
1426 3791 1458 3840 ix.
1471 3805 1479 3838 ι
1484 3803 1508 3852 5,

355 3875 403 3924 but
414 3873 510 3923 Graan
518 3873 686 3936 proutque-arc.
959 3873 1033 3923 Rom.
1045 3873 1080 3922 iii
1095 3888 1133 3936 25.

401 3953 486 4004 ὀὐδὲν
493 3957 543 4018 ’γὰρ
552 3957 624 4016 κενὸν,
635 3957 689 4004 οὐδὲ
696 3955 834 4020 ἀσύμβολον
841 3956 908 4017 παρὰ
1007 3953 1018 3986 ⁰
1035 3955 1077 4018 qni
1085 3953 1297 4018 proedorrcs'crrmt,
1310 3955 1416 4004 omitted
1427 3956 1462 4019 by
1468 3955 1511 4004 tbe

356 4037 392 4098 τῷ
402 4037 465 4098 θεῷ.
487 4036 519 4086 cf.
531 4053 556 4101 p.
570 4038 624 4102 189,
638 4049 661 4099 5.
958 4035 1059 4084 Cultu.
1083 4036 1241 4096 transcribar,
1262 4035 1309 4084 but
1326 4035 1407 4086 found
1424 4035 1450 4084 in
1467 4036 1511 4085 the

404 4117 415 4149 ⁴
432 4118 493 4179 An,
506 4118 587 4169 Voss.
595 4117 714 4180 filiorum,
731 4115 893 4180 alfilc'arum.
957 4117 1074 4181 previous
1090 4118 1203 4178 citation,
1221 4134 1246 4182 p.
1263 4118 1316 4179 108,
1329 4133 1355 4168 n.
1371 4129 1393 4180 7,
1412 4134 1439 4167 as
1457 4117 1512 4167 dor·

403 4198 614 4262 “bnodtficuctia
643 4199 722 4248 There
741 4215 819 4248 seems
842 4199 907 4248 little
958 4197 1068 4248 Μανῆ.

352 4279 432 4330 doubt
447 4281 494 4330 but
508 4282 564 4330 tbat
578 4279 629 4330 this
646 4279 748 4344 reading
764 4281 785 4329 is
803 4285 904 4340 correct,
1007 4279 1018 4312 ⁷
1036 4279 1081 4328 Sea
1092 4279 1127 4330 H.
1140 4279 1193 4329 ared
1208 4279 1287 4330 thol.
1302 4279 1332 4343 of
1342 4280 1436 4340 Gradu,
1453 4293 1508 4343 342.

353 4359 477 4422 although
489 4359 570 4408 (trun.
583 4357 633 4407 and
649 4357 762 4418 Eunsu„
776 4374 803 4407 aa
814 4358 907 4408 wellas
1007 4359 1018 4393 Β
1034 4359 1133 4424 idpuod
1141 4361 1351 4424 crntinopcrotum
1357 4360 1509 4422 metionis,

353 4441 397 4490 the
411 4441 500 4490 Manu.
513 4453 543 4489 11.
557 4440 643 4500 MSS,
657 4440 716 4489 read
731 4439 905 4502 modificarent,
958 4445 1001 4493 the
1018 4444 1165 4493 translation
1183 4445 1331 4521 apparently
1348 4445 1377 4493 of
1393 4443 1422 4493 τὸ
1438 4446 1511 4506 ἀργὸν

349 4523 401 4572 aud
426 4524 470 4572 tbe
492 4523 544 4573 Aa.
567 4521 725 4583 rcoedudcons.
763 4525 850 4586 κληρον
825 4525 907 4584 ονομήι
958 4527 1001 4586 τῆς
1019 4543 1048 4573 ur
1034 4526 1086 4574 τεὶο
1075 4543 1125 4585 eur,
1140 4543 1156 4574 1.
1165 4543 1187 4576 c.
1203 4507 1245 4576 uie
1260 4530 1326 4575 state
1337 4525 1366 4574 os
1373 4526 1444 4574 tbosc
1455 4525 1510 4574 who
1620 4555 1621 4600 ξ

351 4609 398 4654 tna
401 4621 442 4654 roe
453 4605 473 4653 is
485 4603 563 4653 used'
556 4620 581 4652 m
593 4603 636 4652 tbe
650 4619 722 4652 senae
735 4603 763 4652 of
778 4604 909 4670 obtaining
959 4621 1021 4656 were
1032 4606 1127 4672 resting
1137 4607 1202 4657 from
1214 4608 1279 4656 their
1289 4607 1395 4657 labours.
1620 4605 1621 4686 l
