3292 5068
174 550 229 591 utu
236 549 278 590 ΠΙ.

157 643 202 683 GR
210 598 255 682 1'11.
260 651 296 682 xv.

164 687 291 774 ΙΑιῦὲΠ.

151 810 293 820 —--—

317 363 360 428 80
715 369 881 425 vestras
908 367 1076 424 smnux

314 546 394 614 quos
414 525 542 614 capiunt
566 522 779 642 simpliciores,
802 529 836 588 ct
855 521 987 587 illiciunt
1009 540 1073 597 eos,
1098 516 1299 584 ¹simulantes
1324 524 1468 584 nostrum

314 635 493 706 emotum
505 635 542 694 nt
552 627 666 714 saepius
674 626 821 699 audiant:
839 624 893 712 qui
901 625 973 690 ''et
959 645 1026 710 yam
1035 627 1215 708 quaernntur
1225 621 1264 686 de
1274 619 1374 700 nohis,
1385 621 1468 706 quod

314 753 386 797 cum
400 731 515 796 similia
528 730 690 796 nobiscum
704 728 851 805 sentiant,
864 727 932 791 sine
947 745 1042 791 causa
1053 722 1266 790 abstineamus
1279 743 1336 787 nos
1349 743 1370 788 a
1384 745 1468 788 com·

314 835 524 902 munientione
534 855 652 910 eorum,
665 841 698 898 et
712 855 783 898 cum
797 831 907 898 eadem
921 831 1037 906 dicant,
1052 835 1085 894 et
1100 828 1230 893 eandem
1245 827 1381 892 habeant
1395 827 1468 894 doc-

314 937 441 1015 trinam,
456 957 601 1002 vocemus
616 934 684 1000 illos
699 933 881 1000 haeretioos:
905 942 939 998 et
960 954 1032 997 cum
1050 932 1218 1020 dejecerint
1238 931 1358 1018 aliquos
1372 951 1393 995 a
1406 931 1468 996 lide

314 1061 372 1126 per
386 1039 584 1127 quaestionee,
601 1059 670 1124 quae
684 1037 765 1102 liunt
778 1036 819 1101 ah
836 1036 892 1114 eis,
913 1043 946 1101 et
965 1057 1028 1100 non
1046 1034 1295 1100 contradicentes
1310 1034 1468 1100 auditores

315 1164 389 1208 suos
403 1142 543 1220 fecerint,
559 1140 610 1206 his
625 1139 793 1227 separatim
807 1137 1010 1204 inenamabile
1024 1137 1225 1223 plenitudinis
1241 1157 1308 1202 suae
1323 1145 1468 1202 enarrant

315 1245 506 1332 mysterium.
553 1243 761 1331 Decipiuntur
782 1251 889 1307 autem
909 1263 1027 1320 omnes,
1051 1242 1105 1328 qui
1133 1241 1216 1330 quod
1239 1248 1287 1306 est
1314 1241 1346 1304 in
1366 1239 1468 1306 verbis

314 1345 489 1424 verisimile,
505 1368 540 1412 se
555 1353 667 1433 putent
681 1367 773 1432 posse
787 1344 924 1409 ³discerc
937 1365 958 1408 a
971 1343 1112 1408 veritate.
1158 1343 1323 1408 suasorius
1337 1343 1421 1408 enim
1435 1351 1468 1408 et

315 1449 489 1514 verisimilis
501 1457 559 1526 est,
575 1455 608 1514 et
628 1447 793 1534 exquirens
808 1447 895 1511 lucos
910 1467 1013 1511 error:
1036 1445 1104 1512 sine
1124 1445 1195 1510 luco
1208 1455 1313 1511 autem
1328 1454 1377 1512 est
1390 1445 1468 1512 veri-

315 1557 376 1629 tas,
395 1557 428 1616 et
446 1559 572 1637 propter
590 1550 651 1615 hoc
670 1547 773 1636 pueris
794 1549 913 1614 credita
935 1557 995 1614 est.
1040 1548 1086 1614 Et
1107 1548 1134 1613 si
1152 1548 1263 1636 aliquia
1282 1549 1406 1637 quidem
1427 1571 1467 1614 ex

315 1653 365 1720 his
388 1653 441 1740 qui
464 1653 595 1718 audiunt
616 1674 680 1731 eos,
704 1661 824 1738 quaerat
838 1651 1018 1729 solutiones,
1033 1651 1082 1716 vel
1097 1652 1291 1717 contradicat
1305 1652 1361 1731 eis,
1384 1653 1468 1719 hunc

315 1756 405 1844 quasi
419 1778 482 1822 non
496 1755 671 1842 capientem
684 1754 858 1833 veritatem,
879 1762 912 1819 et
934 1775 997 1818 non
1020 1753 1187 1820 habentem
1202 1755 1242 1820 de
1259 1755 1469 1841 superioribus

315 1881 336 1926 a
349 1867 518 1925 matresua
531 1881 638 1926 semen
653 1859 853 1937 affirmantes,
869 1857 902 1922 in
916 1865 1018 1923 totum
1032 1857 1110 1922 nihil
1121 1857 1229 1924 dicunt
1242 1859 1282 1938 ei,
1298 1859 1469 1924 medianum

315 1962 452 2049 partium
477 1962 616 2028 dicentes
638 1983 707 2028 ease
736 1961 832 2040 illum,
859 1961 920 2026 hoc
945 1969 994 2026 est
1019 1961 1246 2047 psychicorum.
1304 1962 1339 2027 Si
1362 1971 1469 2026 eutem

313 2065 427 2152 aliquis
447 2065 535 2153 quasi
554 2069 699 2151 ⁴pnrvam
718 2087 817 2142 ovem,
840 2064 980 2129 deditum
1003 2065 1206 2152 semetipsum
1222 2065 1299 2151 ipsis
1320 2067 1468 2152 praebeat,

315 2167 538 2235 ⁵imitstionem
552 2167 684 2246 illorum,
706 2175 739 2232 et
753 2167 975 2233 redemtionem
990 2167 1113 2233 illorum
1132 2177 1327 2248 consecutus,
1350 2176 1400 2234 est
1422 2167 1469 2232 in-

316 2364 400 2413 ehewn
411 2367 439 2413 to
449 2364 480 2413 be
490 2363 534 2413 the
550 2363 737 2428 interpretation
755 2363 784 2412 ol
799 2365 867 2412 καθο
968 2363 980 2396 ¹
994 2366 1082 2428 etjam,
1092 2367 1154 2416 from
1163 2367 1206 2415 the
1213 2367 1263 2416 Aa.
1273 2366 1331 2416 MS.
1345 2367 1367 2416 ol
1379 2367 1419 2415 nal
1430 2367 1467 2426 δή.

315 2449 396 2498 huonis
410 2447 550 2512 preceding.
585 2447 646 2496 And
662 2447 720 2496 that
738 2447 800 2496 such
816 2463 868 2496 was
968 2446 1092 2500 'dicem
1137 2449 1198 2500 This
1221 2447 1288 2498 word
1311 2449 1333 2497 ia
1360 2448 1471 2498 restored

315 2529 359 2578 the
376 2530 501 2594 primitive
520 2529 638 2593 meaning
655 2529 684 2577 ol
702 2529 745 2577 the
764 2533 828 2577 term
848 2529 868 2577 is
919 2531 993 2596 again
1004 2531 1101 2582 instead
1112 2532 1141 2581 of
1154 2531 1292 2591 doemon,
1306 2547 1322 2580 a
1335 2547 1401 2580 mere
1413 2547 1471 2579 con·

312 2611 407 2675 clearly
417 2611 502 2660 ahewn
513 2611 547 2674 by
558 2609 697 2671 Massuun,
709 2610 765 2658 who
776 2625 833 2675 says
841 2611 868 2659 in
916 2613 1023 2678 jactural
1034 2613 1136 2677 reading
1146 2611 1355 2673 ofBruu1us,but
1363 2610 1471 2675 adopted

315 2693 355 2742 his
371 2697 445 2744 note:
464 2692 520 2742 Nec
537 2691 721 2740 Valentinianis
738 2692 869 2755 peculiaria
919 2694 954 2758 by
978 2692 1150 2753 Fhuannnnu,
1172 2693 1303 2741 Massunn
1325 2692 1375 2742 and
1397 2691 1470 2741 Sum·

315 2774 365 2823 snit
384 2789 414 2822 ea
432 2773 540 2823 nominis
556 2772 734 2822 Ecclesiasticus
749 2773 867 2836 acceptio.
919 2785 982 2823 nnn.
1017 2773 1071 2823 The
1081 2775 1217 2838 testhnony
1228 2773 1337 2822 musa
1350 2773 1471 2838 iewholly

316 2855 422 2904 Veteres
441 2871 491 2904 non
509 2871 565 2903 raro
587 2870 616 2904 ao
638 2855 738 2902 nominc
757 2853 869 2917 designa·
919 2857 945 2904 in
957 2855 1047 2902 favour
1055 2855 1084 2903 of
1088 2855 1184 2914 enom,
1194 2855 1344 2903 andiniact
1354 2855 1375 2903 it
1385 2856 1471 2904 makes

316 2936 379 2985 hant
402 2933 542 2984 oetatem.
599 2933 640 2982 Sic
664 2932 743 2982 Oond.
763 2933 813 2994 Ap.
837 2945 868 2982 11.
919 2935 1124 2993 abetteraenaa3
1140 2935 1275 2996 fororem,
1290 2936 1411 2995 however,
1424 2951 1471 2982 one·

316 3017 355 3078 58.
373 3015 492 3074 «iubetur,
511 3018 548 3073 ut,
568 3011 591 3061 ai
601 3013 685 3075 freter
701 3019 745 3061 aad
761 3025 829 3062 soror
841 3027 869 3062 ec
919 3013 979 3062 nino
999 3013 1079 3062 would
1097 3028 1163 3062 seem
1180 3017 1208 3062 to
1226 3014 1256 3062 be
1275 3014 1405 3077 required;
1428 3015 1471 3064 the

313 3095 369 3146 alta
382 3095 492 3158 pometa
508 3093 638 3155 ademit,
658 3091 868 3156 cotemnenda·
915 3095 1054 3148 translator
1089 3097 1183 3160 having
1216 3097 1275 3146 read
1308 3099 1396 3148 πάντες
1432 3098 1472 3146 for

316 3177 383 3226 litiae
393 3177 504 3240 ιιιῖονοιιο,
518 3175 636 3226 diaconae
646 3190 700 3238 pun
709 3173 745 3224 cd
755 3189 792 3224 eoa
804 3188 868 3237 apoc·
920 3178 1023 3227 τοπῶς.
1057 3177 1110 3226 The
1127 3177 1244 3242 meaning
1260 3178 1320 3227 then
1335 3179 1418 3228 would
1430 3180 1469 3239 be,

315 3258 637 3322 m,pmoctnpratrm,et
648 3258 737 3316 πιστοὶ,
753 3259 869 3318 clereney
922 3259 972 3308 Bm
992 3258 1046 3322 they
1067 3274 1110 3310 m
1134 3259 1261 3322 dumata
1281 3259 1396 3320 moed,
1420 3260 1473 3310 who

317 3341 444 3401 curreret,
464 3341 485 3388 el
500 3341 534 3399 μὴ
551 3340 601 3388 ἀπὸ
617 3340 729 3402 αἱρέσεώς
741 3339 787 3388 εἱσι
797 3355 868 3398 pepo·
920 3339 1027 3403 incepisse
1047 3339 1100 3390 thet
1117 3339 1171 3403 they
1186 3355 1244 3403 may
1260 3341 1330 3390 leam
1345 3342 1416 3404 from
1434 3341 1473 3392 tte

315 3423 435 3479 λυσμένοι,
455 3419 584 3480 cnfidelee
593 3419 650 3478 eim,
664 3417 866 3479 oomclem'nett'et',
919 3419 1058 3482 Scriptum
1085 3426 1141 3470 tm
1167 3419 1282 3470 adducent
1309 3421 1339 3484 dy
1366 3419 1471 3482 mica,

316 3517 351 3551 oa
361 3501 434 3550 ιιιιΗο
444 3500 529 3550 hoeroes'
539 3499 705 3550 emetuminnti.
742 3501 783 3550 Sic
793 3501 868 3550 etiam
919 3501 971 3551 ttae
982 3501 1059 3550 which
1070 3499 1132 3550 their
1142 3500 1220 3550 worda
1227 3501 1438 3564 pertemptent.

317 3583 461 3644 ostensus,
478 3581 549 3632 Tom.
564 3592 621 3631 m.
656 3580 871 3644 Explanationum
969 3581 981 3614 ⁴
996 3581 1076 3634 Nullo
1095 3581 1168 3634 tami
1184 3582 1210 3632 oi
1228 3583 1308 3645 mam,
1328 3585 1400 3649 quasi
1418 3601 1473 3658 par·

316 3666 342 3716 in
359 3665 379 3717 J
380 3665 484 3715 ohannis
496 3663 669 3727 Evangelium,
682 3661 752 3712 Dicet
763 3661 869 3725 profecto
920 3680 1067 3726 rainonem,
1080 3679 1108 3712 ec
1117 3670 1159 3714 oe.
1170 3664 1246 3714 Oodd.
1254 3664 1360 3714 Fertord.
1371 3665 1470 3716 Amnd.

317 3743 870 3808 Hmwn,eeeonfonmnmuieaaltue
921 3754 943 3796 et
963 3747 1039 3796 Mero.
1063 3758 1093 3796 11.
1117 3746 1177 3809 elipe
1200 3745 1277 3810 (addc
1295 3753 1316 3796 st
1339 3748 1470 3812 Olor-orn.):

316 3827 504 3880 Bedaium,
539 3827 635 3876 Eodem
648 3841 722 3876 sensu
737 3827 832 3891 accepit
843 3831 869 3876 et
920 3843 1060 3892 percoquens
1071 3828 1100 3877 in
1109 3828 1209 3879 Aramd.
1222 3829 1279 3878 ὼιιω
1286 3835 1384 3878 tanturn
1399 3830 1473 3878 litere

316 3911 435 3962 firmos.
449 3910 493 3959 Pr.
506 3908 535 3958 in
547 3909 610 3959 Mat.
623 3915 644 3958 a
654 3907 683 3956 in
693 3908 733 3958 Es.
745 3923 782 3971 13.
920 3909 960 3970 οῖι,
972 3923 1065 3976 sonmo
1081 3908 1267 3959 attrectationis
1281 3909 1351 3972 ιίφιο
1360 3909 1410 3960 aiot
1420 3925 1473 3960 een

360 3991 782 4042 ¹Simulnnteanomontructntmn.
797 3991 869 4040 'Prae
920 3996 986 4050 rain,
1009 3989 1046 4038 tto
1062 3996 1090 4038 nt
1109 3989 1200 4038 omenta
1221 3989 1291 4039 ntodo
1305 3989 1379 4054 tepere
1391 3989 1473 4054 poncia

316 4069 870 4135 tetnm,intellipeeermonem,dhccasplieo
920 4078 942 4121 ct
963 4071 992 4120 in
1014 4071 1095 4122 emm
1117 4087 1146 4124 ac
1167 4072 1244 4123 dicre.
1262 4085 1292 4122 11.
1315 4089 1422 4137 parvum
1441 4073 1473 4122 ait

313 4171 360 4219 per
380 4155 429 4203 isto
449 4154 478 4202 in
497 4153 615 4202 Prooemio
637 4151 810 4212 lio.1.,tpmc
826 4153 871 4212 μὲν
919 4152 1044 4216 mmm.
1082 4153 1150 4204 Nom
1164 4155 1297 4218 προβάτιον
1314 4170 1362 4216 pro
1378 4154 1474 4205 lomim

317 4236 459 4292 λαλοῦντας,
469 4233 567 4291 ἀνόμοια
575 4234 601 4281 δὲ
609 4233 871 4294 φρονοῦντος;οοοιωο
920 4234 1106 4298 eiocplictheimo,
1131 4237 1174 4299 qui
1191 4252 1298 4300 pvwceps
1317 4237 1346 4286 in
1360 4237 1474 4300 per-indo

318 4313 472 4377 ille[c.xv1.
486 4311 510 4376 ι]
527 4312 600 4374 huius
612 4311 685 4362 libri:
702 4313 804 4377 Lingua
818 4313 871 4376 qui-
920 4317 999 4366 new
1009 4316 1108 4366 ονίοιιὶο
1117 4316 1176 4377 rot,
1189 4319 1316 4380 acciptur,
1332 4319 1394 4368 colcu
1403 4320 1474 4383 opud

318 4395 376 4444 dem
386 4409 465 4443 uuum
474 4393 602 4442 Christum
613 4393 632 4442 J
633 4409 702 4442 esum
713 4395 867 4454 confitentes,
921 4397 1108 4460 Aristophanen
1114 4397 1140 4446 in
1146 4399 1283 4450 Pietatis.
1301 4401 1353 4450 But
1358 4401 1470 4462 Enseu,

317 4476 460 4526 dividvem
471 4475 601 4522 nannetis.
614 4473 665 4522 Gn.
694 4473 733 4522 Of.
744 4487 763 4522 1.
772 4487 828 4535 301,
840 4479 871 4523 ut
922 4477 1386 4540 Gsm.‚F1ru.,havepoovumomnn.

317 4557 409 4622 sepius
420 4555 531 4615 audiant,
545 4555 583 4601 luc
595 4554 712 4604 πολλάκις
723 4555 862 4615 ἀκροῶνται.
970 4555 1160 4606 'humionem
1199 4558 1294 4608 Gsasn
1321 4562 1366 4612 has
1390 4561 1472 4612 imita·
