3334 5070
319 383 384 450 160
618 402 672 454 ux
699 403 870 458 numnns
895 405 1160 460 rusmuomuu

154 563 306 652 lffiffi
319 552 496 641 incognitus
521 561 570 620 est
591 553 686 632 enim,
714 563 747 622 et
773 579 836 622 non
862 557 1026 624 invenietis
1047 580 1136 624 eum:
1160 557 1419 644 quemadmodum
1441 566 1475 628 et

168 657 294 743 “QV-
321 657 480 723 Christum
496 659 674 724 ¹AEonibus
688 681 796 726 eorum
815 661 931 726 dixisse
946 661 1138 726 mentiuntur
1156 663 1195 726 bi
1206 663 1259 748 qui
1278 671 1386 728 sunta
1408 663 1474 728 Va-

155 827 291 960 fflffim
318 833 494 930 Ἐδῖδαξεν
522 841 603 920 ἡμᾶς
634 841 653 908 ὁ
683 837 816 936 Κύριος,
852 839 906 909 ὅτι
938 836 1025 909 θεὸν
1054 836 1167 908 εἰδέναι
1202 833 1303 913 ov'tlsie
1330 836 1472 920 δύναται,

317 949 362 1033 niz
392 950 466 1046 οὖχῖ
503 951 591 1020 θεοῦ
626 947 828 1050 δοξάζοντος
858 945 898 1055 [l.
927 944 1151 1052 dcclc'gavroo}
1183 950 1370 1032 τουτέστιν,
1401 948 1473 1018 ἄνευ

319 1059 407 1131 Θεοῦ
432 1061 478 1147 μὴ
517 1064 735 1154 γινώσκεσθαι
770 1061 832 1132 τὸν
869 1063 963 1132 Θεόν·
1002 1059 1084 1132 adn-d
1114 1059 1149 1130 δὲ
1173 1059 1217 1131 τὸ
1251 1063 1470 1151 γινώσκεσθαι

318 1171 380 1246 τόν
397 1171 491 1258 θεὸν,
516 1175 643 1258 θέλημα
668 1173 745 1244 εἶναι
776 1179 839 1244 τοῦ
866 1175 1005 1271 πατρός.
1050 1173 1240 1244 Γνῶσονται
1268 1171 1336 1270 γὰρ
1363 1171 1471 1254 αὐτὸν,

265 1275 269 1283 ’
320 1283 367 1362 οἷς
393 1281 432 1357 dv
458 1286 666 1381 ἀποκαλύψῃ
693 1289 711 1356 ὁ
738 1287 812 1362 υἱός.

319 1461 457 1528 lentinol
502 1461 565 1527 Sed
582 1463 641 1528 hoc
657 1463 782 1548 quidem
796 1485 910 1528 vanum
926 1471 985 1528 est.
1031 1461 1167 1527 Edocuit
1181 1469 1287 1526 autem
1308 1461 1472 1540 Dominus,

319 1564 466 1650 quoniam
482 1563 585 1630 Deum
599 1565 678 1630 scire
693 1587 784 1630 nemo
799 1574 913 1650 potest,
931 1565 991 1629 nisi
1010 1563 1080 1630 Deo
1095 1565 1236 1642 docente,
1255 1564 1314 1629 hoc
1332 1573 1390 1642 est,
1405 1565 1473 1628 sine

320 1667 390 1732 Deo
405 1687 468 1732 non
482 1667 628 1753 cognosci
644 1665 763 1730 Deum:
787 1667 847 1731 hoc
862 1668 962 1752 ipsum
982 1675 1087 1731 antem
1107 1665 1252 1753 cognosci
1270 1687 1352 1744 enm,
1368 1665 1474 1731 volun-

319 1775 418 1832 tatem
436 1789 504 1834 esse
520 1767 635 1832 Patris.
679 1769 898 1854 ²Oognoscunt
913 1767 996 1832 enim
1014 1789 1085 1832 eum
1106 1769 1337 1854 quibuscunque
1359 1767 1473 1832 revela-

319 1871 398 1936 verit
414 1869 524 1936 Filius.
571 1870 616 1934 Et
634 1869 752 1936 adhoc
774 1871 890 1934 Filium
908 1869 1054 1935 revelavit
1070 1871 1175 1948 Pater,
1191 1879 1227 1934 ut
1246 1891 1301 1955 per
1315 1891 1386 1934 eum
1406 1891 1471 1934 om-

319 1973 410 2038 nibus
429 1973 653 2052 manifestetur,
677 1981 709 2036 et
726 1995 781 2038 eos
800 1974 925 2060 quidem
946 1973 998 2057 qui
1016 1973 1145 2037 credunt
1165 1973 1194 2037 ei
1212 1971 1301 2057 justi,
1319 1973 1352 2035 in
1372 1973 1471 2038 incor-

318 2077 471 2164 ruptelam
482 2085 515 2142 et
525 2077 558 2142 in
568 2085 721 2142 aeternum
732 2076 925 2163 refrigerium
936 2075 1081 2160 recipiat;
1099 2076 1353 2140 ³credereautem
1367 2075 1406 2152 ei,
1422 2083 1471 2139 est

317 2181 419 2245 facere
442 2181 510 2265 ejus
532 2179 741 2255 voluntatem3
765 2199 819 2244 eos
840 2186 946 2243 antem
968 2178 1020 2262 qui
1044 2200 1107 2243 non
1130 2179 1269 2256 credunt,
1293 2185 1325 2243 et
1346 2186 1472 2264 propter

317 2282 378 2346 hoc
393 2281 516 2368 lugiunt
529 2281 633 2345 lumen
648 2281 725 2366 ejus,
745 2281 778 2344 in
791 2281 937 2344 tenebrae
957 2301 1035 2364 quas
1053 2279 1112 2364 ipsi
1131 2280 1190 2344 sibi
1210 2279 1369 2366 elegerunt
1387 2282 1471 2365 juste

317 2383 465 2450 recludet.
511 2383 665 2449 Omnibus
688 2383 784 2470 igitur
807 2381 953 2446 revelavit
974 2403 1008 2446 se
1033 2384 1139 2460 Pater,
1162 2383 1306 2447 omnibus
1331 2381 1472 2446 Verbum

317 2491 409 2552 suum
433 2485 553 2552 visibile
578 2486 713 2551 faciens:
746 2493 779 2549 et
807 2506 915 2550 rursus
946 2484 1087 2549 Verbum
1116 2485 1259 2550 omnibus
1288 2485 1472 2550 ostendebat

318 2591 448 2655 Patrem
469 2597 502 2654 et
526 2587 653 2664 Filium,
676 2609 747 2652 cum
770 2588 810 2651 ab
832 2586 975 2652 omnibus
993 2585 1156 2650 videretur.
1196 2586 1241 2650 Et
1262 2585 1332 2651 ideo
1350 2587 1471 2672 justum

312 2693 466 2780 judicium
489 2691 551 2755 Dei
574 2713 667 2776 snper
690 2711 797 2754 omnes
816 2689 891 2774 ⁴qui
916 2687 1058 2753 similiter
1083 2688 1208 2774 quidem
1231 2687 1382 2768 viderunt,
1408 2711 1471 2755 non

316 2803 422 2859 antem
435 2793 578 2858 similiter
592 2792 797 2858 crediderunt.

382 2899 414 2960 4.
440 2895 586 2960 ⁵Etenim
594 2917 650 2980 per
661 2895 760 2978 ipsam
772 2893 980 2959 conditionem
995 2895 1111 2958 revelat
1126 2894 1266 2960 Verbum
1280 2894 1471 2960 conditorem

317 2997 432 3077 Deum,
455 3005 489 3061 et
517 3019 573 3082 per
598 2995 749 3060 mundum
777 2995 995 3061 fabricatorem
1019 2997 1127 3061 mundi
1150 2996 1331 3078 Dominum,
1361 3007 1394 3063 et
1417 3021 1472 3084 per

317 3101 437 3186 plasma
451 3121 523 3165 eum
537 3099 591 3186 qui
607 3099 805 3185 plasmaverit
824 3099 986 3179 artificem,
1002 3108 1035 3164 et
1054 3123 1109 3184 per
1125 3099 1241 3165 Filium
1256 3124 1327 3167 eum
1343 3102 1471 3167 Patrem

316 3201 370 3290 qui
399 3201 592 3288 generaverit
615 3201 750 3265 Filium:
782 3208 815 3265 et
836 3201 903 3266 baec
925 3223 1034 3266 omnes
1055 3201 1197 3267 similiter
1218 3203 1343 3289 quidem
1363 3204 1470 3270 ⁶collo-

316 3313 462 3392 quuntur‚
486 3325 549 3368 non
569 3311 676 3368 autem
698 3302 841 3368 similiter
863 3303 1004 3369 credunt.
1050 3305 1113 3369 Sed
1134 3327 1189 3392 per
1208 3305 1326 3393 Legem
1348 3313 1381 3371 et
1401 3329 1470 3390 pro-

315 3406 427 3494 pbetas
441 3405 583 3471 similiter
597 3405 740 3470 Verbum
754 3413 786 3471 et
800 3407 1002 3492 semetipsum
1016 3415 1049 3472 ct
1071 3407 1199 3472 Patrem
1214 3408 1421 3493 praedicabat:
1438 3417 1471 3472 et

315 3509 434 3576 audivit
455 3507 581 3596 quidem
603 3508 764 3573 universus
786 3510 918 3595 populus
935 3510 1096 3585 similiter3
1120 3533 1184 3575 non
1200 3511 1343 3576 similiter
1364 3519 1470 3577 autem

315 3635 424 3681 omnes
442 3611 647 3679 crediderumt.
692 3611 737 3677 Et
758 3634 813 3698 per
836 3613 938 3698 ipsum
960 3610 1102 3677 Verbum
1123 3613 1289 3678 ⁷visibilem
1310 3622 1343 3679 et
1364 3615 1469 3700 palpa·

314 3716 409 3782 bilem
433 3717 563 3794 factum,
588 3715 685 3779 Pater
708 3714 939 3793 ostendebatur,
962 3713 1085 3779 etiamsi
1108 3737 1171 3788 non
1194 3737 1303 3781 omnes
1328 3717 1470 3782 similiter

314 3819 483 3886 credebant
506 3818 554 3894 εἰς
576 3817 633 3884 sed
655 3839 763 3884 omnes
787 3817 928 3883 viderunt
953 3816 986 3880 in
1014 3815 1096 3882 Filio
1124 3817 1270 3883 Patrem:
1301 3819 1469 3886 ⁸invisibile

364 4025 375 4056 ²
393 4023 439 4074 See
449 4023 509 4072 Vol.
522 4035 541 4072 1.
559 4039 583 4087 p.
598 4037 637 4072 ar.
916 4021 1023 4072 Neither
1035 4025 1055 4073 is
1067 4025 1087 4073 it
1098 4025 1176 4074 found
1188 4027 1213 4074 in
1225 4027 1268 4075 the
1282 4027 1382 4076 Gnunu.
1395 4045 1466 4094 copy.

363 4104 376 4138 ¹
391 4105 454 4169 Leg.
467 4111 609 4167 coenosam.
964 4104 976 4136 ⁸
991 4105 1044 4154 The
1055 4106 1142 4155 rccder
1151 4123 1211 4170 may
1219 4123 1333 4171 compare
1343 4110 1386 4158 the
1397 4125 1468 4172 argu-

363 4183 518 4249 ⁸Similarly
540 4185 565 4234 S.
589 4186 738 4245 Audebunt,
763 4185 818 4234 Hoc
836 4193 868 4234 est
915 4189 985 4234 ment
1007 4185 1071 4234 from
1093 4187 1204 4236 Natural
1225 4188 1353 4252 Tbeology
1374 4189 1400 4236 in
1424 4190 1467 4236 the

314 4281 369 4328 erqo
380 4267 473 4315 creden
483 4265 512 4314 ιἰι
518 4267 606 4326 Dana,
616 4266 735 4316 credendo
745 4266 868 4317 adterere
914 4267 1013 4318 editor's
1024 4269 1094 4318 work
1105 4285 1170 4334 upon
1184 4269 1232 4318 l'tc
1240 4269 1332 4329 crede,
1343 4270 1464 4333 89-122.

315 4347 350 4396 ud
361 4345 419 4396 tau
427 4347 603 4409 cooperandum
614 4347 676 4397 dom
687 4347 799 4410 operanti
804 4348 865 4398 Deo.
963 4348 974 4382 ⁰
991 4350 1163 4413 colloqmvntor,
1178 4353 1295 4410 σύμφασι.

315 4428 362 4476 Eo.
374 4427 403 4475 ιἰι
414 4427 457 4475 Ρι.
469 4427 556 4476 lxxvii.
569 4429 592 4477 8.
963 4429 973 4464 7
990 4431 1042 4480 The
1054 4431 1159 4480 concord
1170 4431 1245 4494 being
1255 4431 1317 4480 with
1328 4431 1416 4494 Λόγον.

363 4505 375 4537 ⁴
391 4505 522 4554 Manem
543 4507 601 4554 bore
623 4510 697 4558 omits
716 4525 753 4559 coc
771 4525 805 4560 on
822 4513 866 4561 the
948 4511 974 4574 ,⁸
989 4511 1118 4572 ιἀιοίείόἰὶε,
1131 4513 1160 4561 τὸ
1172 4513 1273 4576 ἀόρατον
1288 4515 1338 4576 γὰρ
1352 4515 1396 4563 τοῦ
1410 4517 1467 4564 rue

315 4587 380 4638 mlh
396 4587 425 4637 of
439 4587 483 4636 che
498 4587 605 4637 Anum
622 4589 671 4637 and
687 4590 767 4640 Voss
787 4591 863 4642 MSS.
914 4595 1009 4654 Πατὴρ,
1021 4593 1051 4642 τὸ
1062 4594 1088 4642 δὲ
1099 4593 1186 4654 ὁρατὸν
1196 4596 1239 4643 τοῦ
1250 4595 1346 4657 Πατρὸι
1357 4597 1418 4647 rus.
