3276 5086
659 415 896 470 nummarius.
1281 405 1348 470 369

197 604 308 668 parrer,
327 580 462 659 ὑπήκοοι
486 578 586 676 μέχρι
606 574 751 649 θανάτου
771 579 951 670 γενόμενοι·
982 576 1055 650 οὐδὲ
1079 577 1147 678 γὰρ
1168 579 1262 670 ἄλλῳ
1281 575 1348 652 reri
1388 591 1480 678 *gs-g

195 691 273 772 ἦμεν
292 690 478 788 ὀφειλέται,
496 689 574 762 ἀλλ’
595 688 619 774 η*
639 689 753 780 ἐκείνῳ,
778 692 820 762 ori
839 691 893 762 rai
917 691 978 774 τὴν
999 693 1136 774 ἐντολὴν
1154 694 1347 792 παρέβημεν
1369 685 1501 771 ‘ibiibi

196 801 256 871 ἄπ’
272 801 384 900 ἀρχῆς.
403 854 412 871 .
426 854 457 872 ..
1360 779 1507 860 :ffi-

194 975 263 1058 ejus
276 981 486 1060 praeeeptum;
502 973 535 1038 in
546 976 682 1042 seeundo
697 983 803 1042 autam
817 975 923 1040 Adam
937 975 1126 1042 reconciliati
1141 995 1259 1055 murus,
1275 979 1348 1044 obe-

194 1076 315 1142 dientes
328 1078 480 1162 usquead
494 1087 627 1144 mortem
640 1081 724 1146 faeti.
765 1079 875 1167 Neque
889 1080 973 1146 enim
982 1079 1072 1146 alteri
1086 1079 1209 1146 atridam
1223 1102 1346 1148 eramus

193 1177 359 1258 debitores,
378 1179 434 1245 sed
453 1179 506 1261 illi,
529 1183 619 1270 eujus
639 1187 688 1248 let
705 1190 895 1269 praeceptum
914 1181 1100 1270 transgressi
1125 1181 1281 1248 ineramus
1305 1185 1346 1250 ab

192 1279 290 1348 initio.

681 1491 774 1592 Κεφ.
793 1491 850 1594 ιζ’.

192 1643 295 1720 Dens
316 1655 349 1719 et
364 1645 549 1722 Dominus
568 1647 688 1723 Pater
710 1661 743 1723 et
770 1649 923 1725 Creator
944 1648 1195 1725 universorum
1215 1650 1346 1726 animes

266 1775 299 1836 et
314 1761 409 1837 noina
425 1777 484 1856 ert,
497 1763 563 1862 qai
578 1791 642 1840 nos
657 1763 699 1841 in
714 1764 857 1842 Obristo
875 1765 1012 1858 driemt,
1021 1781 1212 1867 praeopta
1229 1765 1342 1861 dedit,

267 1891 299 1954 et
328 1877 468 1954 remisit
492 1881 594 1956 nobis
614 1896 796 1980 peecata:
824 1885 926 1982 onjm
952 1882 1093 1958 Filiam
1122 1897 1154 1958 et
1189 1883 1346 1960 Verbum

264 2021 337 2071 sese
355 1995 521 2072 Obristns
530 1997 715 2096 probauit,
733 2023 817 2074 oum
827 2011 985 2098 peecata
1003 1999 1236 2076 condonaret.

195 2189 226 2236 1.
275 2167 415 2238 ἘΣΤῙ
440 2165 474 2238 δὲ
496 2169 593 2244 οὗτος
617 2171 636 2240 ὁ
659 2166 864 2268 δημιουργὸς,
889 2171 908 2239 ὁ
931 2165 1018 2240 κατὰ
1043 2167 1102 2252 μὲν
1123 2168 1183 2250 τὴν
1208 2167 1479 2260 dydrrnrsnrmm.

191 2280 313 2378 πατὴρ,
350 2277 438 2351 κατὰ
472 2277 507 2350 δὲ
538 2280 598 2362 τὴν
628 2278 758 2364 δύναμιν
789 2281 903 2378 κύριος,
939 2277 1026 2350 κατὰ
1061 2277 1096 2350 δὲ
1124 2280 1185 2362 τὴν
1215 2282 1343 2380 σοφίαν
1355 2251 1409 2292 Μ’

191 2393 327 2474 ποιητὴς
343 2392 397 2462 καὶ
415 2389 571 2472 πλάστης
588 2395 683 2474 indo.

647 2597 747 2662 uAP.
771 2597 894 2664 XVII.

249 2739 280 2798 1.
303 2733 371 2798 Esr
381 2733 545 2800 autemhio
554 2734 753 2823 Demiurgus,
764 2734 816 2822 qui
825 2735 994 2800 seeundum
1003 2733 1198 2802 dilectionem
1208 2735 1342 2824 quidem,

191 2839 289 2904 Pater
302 2845 371 2915 est3
395 2839 564 2903 secumdum
578 2845 684 2904 autem
695 2839 852 2915 virtutem,
868 2837 1038 2914 Dominum
1055 2839 1226 2904 seeundum
1239 2847 1345 2906 autem

188 2942 382 3029 sapientiam,
397 2942 497 3008 iactor
513 2949 546 3007 et
559 2942 729 3028 plasmator
741 2949 863 3006 noster:
886 2943 976 3028 eujus
990 2949 1023 3008 et
1040 2949 1230 3028 praeeeptum
1244 2951 1343 3009 trans·

187 3046 374 3133 gredientes,
389 3043 505 3110 inimici
520 3045 596 3110 iaoti
610 3065 718 3109 sumus
732 3045 811 3130 ejus.
848 3043 894 3108 Et
908 3051 1034 3130 propter
1047 3045 1107 3110 boo
1122 3046 1155 3109 in
1168 3046 1344 3112 novissimis

187 3149 387 3236 temporibus,
403 3149 436 3213 in
449 3148 619 3214 amicitiam
632 3146 769 3212 restitnit
783 3167 841 3211 nos
862 3145 1017 3212 Dominus
1031 3169 1086 3233 per
1099 3169 1188 3212 suam
1203 3147 1343 3215 incarna-

186 3251 315 3330 tionem,
334 3253 485 3317 mediator
503 3252 566 3316 Dei
585 3259 614 3315 et
634 3249 786 3314 bominum
805 3249 926 3325 iaetusr
950 3251 1123 3336 propitians
1142 3251 1266 3338 quidem
1287 3275 1343 3340 pro
1357 3271 1487 3311 rusus.

186 3355 276 3420 nobis
297 3357 435 3434 Patrem,
455 3354 488 3419 in
507 3376 600 3442 quem
621 3375 868 3439 peccaveramus,
892 3362 925 3418 et
945 3363 1082 3420 nostram
1103 3355 1343 3421 inobedientiam

186 3479 242 3546 per
261 3480 349 3522 suam
364 3457 571 3522 obedientiam
589 3455 787 3530 consolatum
812 3455 902 3520 nobis
919 3463 1025 3520 autem
1045 3457 1164 3521 donans
1183 3478 1254 3522 eam
1273 3479 1343 3543 quae

187 3568 237 3624 est
254 3560 295 3623 ad
314 3560 464 3624 faetorem
484 3568 625 3625 nostrum
645 3557 911 3624 conversationem
930 3567 963 3622 et
981 3559 1216 3644 subjectionem.
1260 3561 1343 3641 Qua-
1381 3605 1388 3618 .

188 3667 313 3744 propter
326 3665 376 3725 ’et
391 3661 423 3724 in
440 3661 579 3725 oratione
597 3659 700 3724 dioere
720 3681 781 3724 nos
796 3658 921 3724 docuit:
945 3657 989 3722 Et
1008 3661 1128 3724 ranitto
1145 3657 1228 3724 aba
1242 3659 1343 3724 debita
1356 3677 1416 3718 uun
1426 3678 1454 3717 u
1464 3679 1493 3718 ιε.

188 3769 312 3834 nostra,·
337 3762 444 3847 utique
463 3761 607 3846 quoniam
621 3761 672 3826 hio
692 3769 741 3826 est
761 3761 858 3825 Pater
874 3768 991 3838 noster,
1013 3763 1103 3848 eujus
1122 3783 1245 3826 eramus
1260 3761 1344 3826 debi-

187 3869 282 3938 tores,
296 3861 480 3948 transgressi
492 3863 559 3946 ejus
572 3869 772 3948 praeeeptum.
800 3861 1155 3942 ³Quisestautemhiei
1186 3861 1344 3928 Utrumne

187 3963 364 4049 incognitus
378 3961 499 4048 aliquis,
519 3970 552 4027 et
566 3962 641 4026 nulli
661 3969 814 4049 ⁴unquam
832 3971 1021 4048 praeoeptum
1041 3965 1119 4028 dans
1134 3963 1252 4029 Pater?
1289 3965 1343 4029 An

186 4088 260 4132 vero
281 4066 334 4154 qui
355 4087 375 4130 a
398 4064 565 4150 Scripturis
582 4063 767 4150 praedicatur
789 4063 886 4142 Deus,
909 4063 960 4128 eui
981 4073 1014 4128 et
1032 4065 1186 4130 debitores
1208 4087 1342 4144 eramen,

184 4170 369 4259 transgressi
384 4171 452 4256 ejus
466 4171 671 4256 praeeeptumi
700 4169 820 4234 Datum
835 4177 883 4234 eet
897 4177 1003 4234 autem
1017 4179 1208 4256 praeceptum
1223 4171 1341 4238 homini

183 4297 240 4362 per
262 4275 417 4341 Verbum:
442 4272 578 4338 Audiuit
591 4273 672 4337 mim
690 4272 805 4351 Adam,
820 4272 875 4350 ait,
891 4293 988 4337 uorem
999 4272 1129 4337 Domini
1142 4273 1216 4338 Dei.
1253 4275 1340 4340 Bene
1352 4299 1495 4386 pepereras

233 4439 244 4470 ²
261 4439 355 4488 Gnanl
366 4438 442 4487 omits
454 4443 484 4498 et,
496 4436 529 4485 ib.
543 4451 560 4484 a
567 4433 701 4498 principio.
787 4436 851 4484 bars
868 4435 919 4498 qni.
948 4435 1002 4484 The
1019 4435 1119 4486 Gustu.
1137 4436 1211 4485 emita
1228 4443 1341 4484 utrarum

234 4519 246 4552 ²
262 4523 314 4570 As.
327 4521 402 4570 omits
413 4525 442 4568 et.
788 4517 931 4580 mmmmm

236 4601 246 4633 ³
261 4603 314 4650 The
325 4601 397 4650 order
407 4599 436 4649 oi
444 4601 487 4650 tbe
499 4598 586 4660 MSS,
597 4597 678 4648 which
687 4597 738 4647 also
838 4596 850 4630 ⁴
866 4613 981 4660 mquam,
988 4597 1136 4659 Gn.,Voss.,
1146 4611 1281 4660 annorum
1288 4596 1339 4644 Au.
