3270 5080
321 324 387 390 248
685 333 839 390 EXODUS
865 329 1109 387 sumserunt.

182 516 284 558 ΜΕΝ

193 565 272 604 xv..lll

159 587 495 652 ⁰e1v1'
769 601 871 669 our.
894 599 1025 666 xnvr

171 657 260 740 11888.ι
260 654 299 694 1v.

190 715 240 744 ιιι

162 761 450 854 '‘Qucure
473 758 712 836 secuudum
686 783 832 857 jussum
852 755 930 832 Dei
958 781 1048 830 unse
1068 755 1115 830 ab
1137 753 1327 854 AEpgptiio
1346 752 1486 828 cumaei

392 876 589 978 populus
572 903 612 951 on
629 875 752 967 evodo,
775 886 808 950 et
824 899 868 948 eu
884 872 977 972 ipeiv
1000 869 1312 948 tubernaculum
1295 897 1336 946 ou
1357 895 1486 946 eremo

385 993 602 1094 sauream.

160 1180 357 1244 nahum]
395 1178 462 1262 Qui
485 1199 557 1246 vero
576 1175 776 1292 exprobrent·
777 1180 810 1239 et
826 1172 992 1260 imputant,
1014 1171 1098 1260 quod
1119 1172 1311 1260 prolecturus
1332 1171 1480 1258 populus,
1497 1189 1525 1228 ο
1536 1188 1583 1227 351.

159 1249 248 1379 Ξξζὲῥ
235 1293 298 1338 Ἠ·
292 1281 412 1368 jussu
442 1280 513 1360 Dei,
541 1279 666 1346 vascula
693 1277 794 1344 omnis
822 1275 946 1364 generis
979 1283 1012 1342 et
1039 1275 1225 1340 vestimenta
1252 1275 1406 1362 acceperit
1434 1277 1481 1342 ab
1625 1281 1626 1284 ’

325 1383 501 1471 AEgyptiis,
522 1392 555 1448 et
569 1383 614 1448 sic
628 1379 748 1456 abierit,
770 1401 810 1444 ex
825 1379 937 1466 quibus
951 1386 984 1444 et
997 1376 1230 1443 tabernaculum
1246 1377 1363 1444 lactum
1378 1377 1451 1442 est
1442 1399 1479 1441 vn

325 1508 439 1563 eremo,
455 1491 635 1572 ignorantes
650 1483 891 1572 justificationes
906 1481 967 1546 Dei
983 1489 1016 1546 et
1034 1480 1296 1566 dispositiones
1268 1503 1346 1567 ejus,
1361 1489 1478 1546 semet·

325 1588 409 1674 ipsos
423 1595 567 1675 arguunt,
588 1586 669 1652 sicut
683 1593 716 1650 et
734 1585 895 1671 presbyter
915 1583 1047 1648 dicebat.
1094 1583 1128 1648 Si
1147 1583 1230 1648 euim
1248 1604 1310 1646 non
1325 1582 1358 1646 in
1372 1583 1478 1668 typica

324 1689 513 1776 proiectione
535 1687 607 1753 ¹hoc
627 1685 833 1752 consensisset
856 1685 952 1764 Deus,
975 1683 1066 1750 hodie
1088 1685 1213 1750 invem
1233 1693 1339 1750 nostra
1358 1686 1477 1770 proiec-

324 1793 421 1870 tione,
435 1791 541 1868 idest,
557 1791 590 1854 in
604 1791 665 1856 lide
679 1789 711 1854 iu
727 1811 788 1876 qua
802 1809 910 1854 sumus
923 1787 1095 1866 constituti,
1117 1809 1172 1874 per
1186 1809 1279 1875 quam
1294 1789 1333 1852 de
1347 1811 1478 1853 numero

325 1895 487 1984 gentilium
502 1893 618 1960 exemti
632 1915 750 1970 sumus,
768 1913 860 1956 nemo
874 1900 997 1978 poterat
1011 1891 1134 1956 salvari.
1178 1892 1296 1956 Omnes
1316 1893 1399 1958 euim
1418 1914 1479 1958 nos

180 2025 288 2054 um..
325 2007 381 2063 aut
402 1998 525 2062 modica
545 2005 601 2061 aut
622 1995 749 2084 grandis
769 1995 910 2080 sequitur
930 1995 1095 2082 possessio,
1118 2017 1212 2082 quatu
1233 2017 1274 2060 ex
1299 2017 1480 2061 mammona

325 2099 498 2188 iniquitatis
510 2099 739 2186 acquisivimus.
784 2097 880 2163 Unde
894 2099 977 2164 euim
991 2098 1102 2162 domus
1116 2098 1148 2163 in
1164 2098 1275 2185 quibus
1289 2097 1478 2176 habitamus,

325 2213 358 2270 et
376 2202 560 2268 vestimenta
580 2201 692 2288 quibus
706 2200 871 2280 induimur,
892 2211 925 2266 et
939 2221 1013 2266 vasa
1028 2201 1140 2285 quibus
1160 2199 1286 2279 utimur,
1306 2209 1339 2266 et
1358 2201 1480 2285 reliqua

326 2306 427 2372 omnis
440 2305 481 2371 ad
496 2306 673 2370 diuturnam
687 2304 784 2370 vitam
798 2313 937 2369 nostram
951 2303 1163 2382 ¹ministratio,
1184 2304 1243 2368 nisi
1260 2327 1301 2370 ex
1319 2304 1379 2384 his,
1395 2327 1479 2392 quse,

326 2433 398 2476 eum
421 2409 537 2476 ethnici
558 2430 707 2486 essemus,
731 2407 771 2472 de
799 2407 928 2472 avaritia
957 2407 1187 2492 acquisivimus,
1211 2407 1319 2474 veleb
1341 2407 1480 2473 ethnicis

325 2513 505 2600 parentibus
529 2521 584 2578 eut
607 2511 749 2601 eognntis
777 2521 833 2578 aut
864 2511 982 2590 amicis,
1010 2512 1049 2576 de
1073 2511 1226 2598 injustitia
1246 2511 1480 2597 acquirentibus

326 2616 540 2704 percepimus!
570 2623 606 2680 ut
635 2636 698 2679 non
723 2613 872 2691 dieamus,
899 2613 973 2699 quia
993 2621 1026 2678 et
1046 2635 1129 2678 nuuc
1151 2615 1184 2678 iu
1207 2614 1268 2678 lide
1290 2615 1480 2680 exsistentes

326 2719 523 2806 acquirimus.
557 2717 634 2798 Quis
648 2717 731 2781 enim
746 2715 860 2794 vendit,
876 2723 909 2780 et
923 2737 986 2781 nou
1000 2715 1112 2782 lucrari
1127 2717 1192 2782 vult
1206 2717 1246 2782 ab
1261 2738 1299 2782 eo
1314 2716 1367 2804 qui
1381 2717 1480 2784 emit!

328 2823 406 2903 Quis
419 2831 525 2887 autem
539 2820 625 2898 emit,
636 2827 669 2884 et
681 2839 743 2882 non
758 2817 823 2882 vult
838 2817 955 2883 utiliter
968 2839 1075 2884 secum
1094 2820 1146 2908 agi
1162 2820 1202 2884 ab
1216 2841 1254 2885 eo
1268 2821 1338 2905 ³qui
1353 2821 1480 2886 venditt

328 2924 406 3005 Quis
425 2933 530 2988 autem
552 2921 716 3008 negotians
735 2941 798 2984 uon
816 2928 979 3006 propterea
998 2922 1186 3009 negotiatur,
1211 2932 1246 2988 ut
1265 2923 1338 2988 inde
1356 2922 1481 2988 alatur!

328 3025 410 3108 Quid
430 3031 536 3089 autem
556 3031 589 3089 et
608 3023 641 3086 hi
664 3021 734 3108 ⁴qui
755 3021 788 3086 in
809 3021 906 3110 reguli
928 3023 1000 3089 aula
1020 3033 1095 3088 sunt
1114 3024 1231 3104 fideles,
1252 3047 1355 3092 nonne
1374 3047 1415 3091 ex
1434 3025 1480 3090 eis

327 3150 397 3214 quoe
413 3125 546 3194 (laesuris
562 3135 636 3190 sunt
656 3125 773 3190 habent
788 3125 942 3205 utensilia,
961 3126 1056 3191 ethis
1071 3128 1123 3213 qui
1146 3133 1230 3194 ⁵non
1247 3129 1364 3194 habent
1384 3151 1480 3194 unus-

327 3231 457 3317 quisque
485 3251 591 3294 eorum
619 3227 789 3293 secundum
823 3233 933 3294 ⁵suam
961 3228 1108 3294 virtutem
1136 3219 1300 3317 praestatt‘
1328 3233 1479 3319 AEgyptii

328 3331 450 3418 ⁰populi
474 3340 563 3396 erant
582 3329 738 3396 debitores
755 3351 818 3395 non
837 3329 937 3396 solum
959 3353 1072 3410 rerum,
1087 3332 1143 3397 sed
1161 3341 1194 3398 et
1208 3333 1279 3398 vitae
1294 3355 1370 3414 suee,
1387 3357 1479 3421 prop-

327 3445 378 3501 ter
399 3433 581 3522 patriarches
601 3433 625 3498 J
628 3433 723 3520 oseph
744 3435 970 3522 praecedentem
992 3434 1237 3523 benignitatem:
1261 3438 1351 3503 nobis
1371 3447 1479 3504 autem

377 3617 388 3652 ²
405 3617 473 3668 Hoc.
480 3655 487 3669 .
494 3617 662 3683 professione.
698 3617 753 3669 Octo
763 3617 808 3667 loco
817 3633 882 3667 vocer
929 3617 1012 3667 seue
1018 3619 1143 3680 proetueuc
1152 3619 1285 3682 aequeruic:
1300 3621 1325 3669 id
1338 3625 1383 3684 est,
1395 3621 1420 3670 in
1429 3621 1478 3671 fide

328 3701 427 3751 evm.
441 3700 677 3751 Ood.revtituitFuu.
685 3706 772 3763 quercet
782 3699 880 3748 Vota·
929 3699 955 3748 in
963 3715 1013 3763 qua
1023 3715 1109 3750 sumus
1120 3701 1251 3750 constituti
1261 3719 1268 3763 ς
1281 3701 1315 3751 nd
1326 3719 1379 3766 qum
1386 3702 1479 3768 profes·

329 3783 365 3834 det
373 3783 448 3848 (adde
455 3781 557 3846 (lusu).
575 3781 630 3844 Sed,
642 3781 693 3832 uiri
701 3797 738 3832 me
747 3781 881 3844 conjecturo
928 3779 1023 3828 sionem
1034 3779 1111 3842 magu
1124 3797 1198 3845 quem
1211 3783 1388 3847 profectionem
1399 3785 1478 3848 qund-

324 3864 403 3929 fullit,
413 3864 623 3930 proprofesaione
639 3863 771 3926 leucadem
787 3862 880 3928 profec-
929 3863 1093 3924 rurepucaou.
1106 3863 1156 3913 Gn.
1175 3864 1476 3932 Amomitethepmage.

329 3949 405 4008 tione,
416 3947 453 3996 itu
463 3953 490 3996 ut
499 3963 558 3996 vera
567 3950 653 3994 noctra
663 3945 782 4010 profectio
790 3944 880 4010 typice
930 3945 967 3995 ef.
975 3947 1059 4006 ἐξοδόν,
1072 3964 1096 4008 4.
1108 3960 1130 3996 a.
1143 3947 1195 3996 also
1207 3947 1249 3996 the
1260 3953 1319 3997 note
1329 3949 1359 3997 of
1369 3949 1454 3998 Musa.

330 4029 476 4096 profectioni
487 4035 631 4092 opponatur.
653 4027 695 4076 Sic
705 4027 769 4076 cuim
779 4033 800 4076 ct
808 4025 881 4075 insitio
977 4025 989 4059 ¹
1004 4029 1064 4089 Aa„
1079 4028 1167 4078 Maso.
1180 4039 1210 4081 11.
1222 4029 1350 4084 mimntio.

330 4111 446 4177 “qumis
467 4111 556 4175 cupitis
582 4109 635 4160 ait:
662 4107 789 4159 Universa
814 4109 880 4157 enim
977 4107 1142 4173 ’Aequod

331 4209 388 4258 quse
401 4209 432 4242 ex
445 4193 559 4258 AEgypto
573 4191 693 4256 profectio
707 4191 783 4240 debet
795 4189 881 4254 populi
978 4189 989 4221 ⁴
1012 4189 1099 4240 Fiden
1118 4189 1210 4241 onnus·
1231 4193 1267 4240 nd
1282 4193 1385 4243 ellum
1406 4209 1479 4257 urqu

331 4290 348 4322 a
359 4273 421 4333 Deo,
437 4277 513 4336 typus
526 4277 552 4320 et
565 4273 647 4336 imago
660 4271 709 4320 fuit
722 4271 880 4336 profectionis
928 4271 1028 4336 imperii
1042 4272 1148 4322 Romani
1158 4273 1254 4324 ordiner
1267 4282 1288 4324 et
1298 4275 1426 4340 principes
1435 4275 1480 4327 leoc

331 4353 454 4413 Ecclesiae,
468 4368 524 4416 ques
539 4357 592 4401 erat
606 4351 693 4402 future
706 4369 737 4402 ex
747 4351 880 4417 gentibus;
929 4353 1149 4416 camporum,
1163 4354 1240 4404 atio
1250 4355 1411 4419 maumam.
1426 4357 1477 4406 Ga.

330 4433 447 4498 promulo
458 4441 479 4483 ct
489 4433 593 4483 hocloco
603 4433 738 4497 mdjmrpit:
749 4450 794 4498 per
804 4451 880 4498 quarn
978 4434 1142 4494 lamonem.
1160 4435 1227 4484 Both
1234 4436 1263 4484 of
1271 4437 1341 4486 thece
1348 4437 1428 4486 words
1437 4453 1479 4486 are

331 4515 363 4564 de
379 4531 483 4564 numero
505 4515 637 4580 gentilium
658 4516 766 4579 exempti
784 4531 878 4564 eumue.
930 4516 1034 4566 omitted
1045 4515 1070 4564 iu
1082 4517 1125 4564 the
1137 4515 1236 4566 Cusum.
1251 4515 1307 4566 Mu

335 4594 485 4646 Occasionem
508 4602 588 4646 ardent
609 4595 749 4646 mruuionte
770 4595 881 4658 imperio
979 4597 991 4629 ⁶
1010 4597 1049 4646 So.
1068 4596 1179 4650 redata.
