3292 5068
479 385 582 440 UNUS
607 387 867 440 PRAEDICATUR
891 389 1001 443 DEUS.
1279 376 1317 441 3l

60 555 134 594 0⁹¹³
160 541 257 607 nolito
270 539 421 608 dicarem
435 540 614 629 oolisimm,
629 543 760 608 Patrem
777 542 918 608 bohemos
934 542 1107 611 Abraham.
1142 545 1220 610 Dino
1239 546 1320 610 enim
1334 565 1387 604 nn.
1393 565 1457 606 nn
1459 569 1483 606 r.

159 643 256 723 ooth,
278 645 422 732 qnoniam
437 653 546 730 potone
566 654 609 709 ast
629 644 724 723 Dans,
751 667 788 710 oa
809 643 968 730 lapidibus
987 647 1056 711 istis
1076 648 1222 710 nmoitom
1233 646 1290 729 fil
1277 667 1320 712 ms
1344 612 1474 744 ligii

158 748 311 814 Abroloe.
358 748 604 814 Poenitentiom
596 748 691 835 rgitur
710 749 756 814 eis
774 771 855 825 eam,
871 771 941 836 quae
955 759 1040 816 osset
1056 772 1076 814 a
1095 750 1224 829 malitia,
1242 772 1320 836 prae-
1336 779 1484 791 —-

158 853 308 928 sonabat,
335 853 391 917 sed
419 873 482 916 non
506 852 638 916 alterum
666 851 770 916 Deum
793 853 1010 933 annuntiabat,
1033 862 1147 938 prseter
1172 875 1244 918 eum
1268 853 1321 940 qui

158 955 289 1020 fecisset
314 954 549 1041 promissionem
575 955 724 1033 Abrahae,
748 955 798 1020 ille
827 978 1000 1041 praeoursor
1025 956 1162 1032 Christi;
1195 957 1234 1022 de
1260 979 1322 1075 quo

157 1057 277 1122 iterum
291 1057 336 1122 ait
353 1057 538 1134 Matthaeus,
553 1056 695 1122 similiter
709 1064 814 1121 autem
834 1065 867 1122 et
889 1057 1010 1124 Lucas:
1034 1059 1099 1123 Hio
1114 1061 1194 1124 onim
1208 1069 1251 1124 ost
1267 1060 1369 1180 512⁶th
1371 1089 1393 1125 ιι
1402 1085 1431 1125 m
1440 1087 1453 1124 s

160 1157 749 1245 diatonostoDominoporproplotom:
766 1158 1032 1225 Voaolimontio
1019 1161 1187 1239 indusiato,
1198 1143 1373 1227 Paran¹“¹'

160 1263 249 1328 oium
260 1263 400 1341 Domini,
417 1272 514 1328 reatos
520 1262 625 1347 sonito
639 1262 761 1326 sonitus
771 1260 835 1326 Dei
849 1263 953 1327 nostri.
992 1264 1097 1329 Omnis
1111 1264 1203 1330 vallis
1215 1265 1322 1351 inmle-

160 1366 256 1445 litor,
272 1376 300 1432 ot
312 1367 409 1432 omnis
423 1387 505 1430 otono
519 1374 547 1429 ol
561 1364 645 1430 sollis
655 1363 880 1444 humiliabitur,
892 1374 1019 1431 storum
1033 1369 1188 1432 commeo
1174 1389 1209 1433 m
1224 1369 1321 1434 ‹lireo-

159 1479 207 1550 τα,
224 1479 253 1534 el
265 1491 376 1555 aspero
391 1470 426 1534 in
441 1469 509 1534 uias
516 1467 653 1554 planus:
678 1476 706 1532 ot
720 1465 837 1532 videbit
847 1468 942 1532 omnis
956 1490 1028 1534 saro
1045 1469 1183 1535 solutore
1195 1471 1269 1537 Doi.

230 1574 261 1638 2.
306 1571 401 1638 Unus
417 1571 514 1659 igitur
533 1578 566 1636 et
585 1570 668 1635 idem
688 1572 777 1636 Deus
795 1578 855 1651 est,
875 1570 973 1636 Pater
992 1571 1120 1637 Domini
1140 1575 1249 1653 nostri,
1267 1575 1321 1662 qui

160 1681 197 1738 et
210 1695 431 1760 praeoursorem
450 1695 506 1758 per
518 1671 686 1760 prophetas
704 1671 871 1737 missurum
893 1693 929 1737 se
946 1673 1106 1758 promisit:
1130 1684 1163 1740 et
1185 1675 1321 1742 salutare

160 1797 265 1856 suum,
285 1777 317 1841 id
334 1783 383 1842 est
399 1775 541 1841 Verbum
555 1796 657 1854 suum,
672 1774 791 1840 visibile
806 1775 908 1840 effecit
928 1775 1012 1840 omni
1027 1776 1095 1842 fieri
1110 1778 1204 1858 carui,
1221 1779 1320 1844 incar-

160 1886 328 1944 natumst
350 1879 463 1966 ipsum,
487 1885 524 1942 ut
549 1877 581 1941 in
607 1877 752 1941 omnihus
777 1875 961 1943 manifestus
987 1878 1076 1944 fieret
1106 1878 1177 1945 Rex
1202 1902 1320 1948 eorum.

162 1982 292 2047 Etenim
307 2004 345 2048 ea
360 2004 429 2070 quse
439 1980 620 2068 judicentur
633 1980 797 2066 oportebat
812 1979 915 2045 videre
931 1981 1079 2067 judicem,
1095 1989 1129 2048 et
1143 1984 1223 2050 scire
1237 1984 1321 2050 huno

160 2107 257 2172 aquo
268 2085 466 2172 judicantur:
490 2091 523 2148 et
537 2104 576 2148 ea
590 2105 660 2170 quae
673 2082 803 2170 gloriam
819 2093 1050 2171 consequuntur
1064 2088 1227 2172 oportebat
1241 2088 1321 2154 seire

161 2212 245 2268 eum,
269 2190 321 2276 qui
347 2210 460 2254 munus
485 2187 594 2274 gloriae
619 2187 665 2252 eis
692 2187 800 2252 donat.
853 2187 973 2253 Iterum
998 2199 1105 2255 autem
1131 2192 1171 2256 de
1195 2191 1320 2280 Angelo

161 2293 269 2359 dicens
286 2292 469 2370 Matthaeus,
481 2291 540 2355 ait.
557 2290 694 2376 Anpolna
706 2290 836 2354 Domini
850 2293 1001 2377 opportuit
1014 2293 1155 2380 Josspl'
1141 2316 1177 2359 m
1190 2296 1318 2370 somnin-
1332 2313 1392 2398 Jtao
1402 2315 1453 2362 tm
1462 2315 1481 2353 ιι

160 2397 251 2484 cujus
273 2395 440 2474 Domini,
431 2416 498 2482 rpse
520 2393 758 2480 interpretatur·
794 2392 850 2457 Uti
870 2393 1081 2480 adimpleatur
1100 2397 1182 2482 quod
1203 2397 1319 2462 dietum
1332 2360 1361 2446 οἰ
1348 2362 1381 2456 oi
1375 2362 1411 2446 ³1¹
1421 2409 1450 2447 lt

160 2510 204 2566 ost
225 2523 246 2565 o
267 2500 399 2566 Domino
414 2521 477 2585 por
494 2497 686 2584 proplietam,
715 2494 769 2558 En
789 2495 929 2580 AEoypto
951 2518 1056 2563 oooooo
1049 2499 1184 2579 ‘lfiinm
1209 2521 1319 2566 mamm.

160 2604 242 2669 Eoos
260 2607 269 2646 ¹
285 2603 378 2690 Virgo
392 2603 445 2667 ²in
459 2611 542 2666 olam
557 2600 696 2686 accipin,
717 2597 862 2684 ripatici
870 2599 987 2680 fil'mm,
1003 2609 1032 2664 et
1050 2599 1198 2666 vocabunt
1214 2623 1319 2668 moion
1331 2615 1379 2665 021¹·
1390 2617 1403 2656 ¹·
1413 2618 1444 2656 22

160 2709 225 2793 ojus
238 2706 431 2785 Emmanuel,
450 2705 532 2792 qnod
548 2713 590 2769 ost
610 2703 854 2786 interpretatum,
876 2699 1043 2766 Nollsonm
1062 2702 1158 2770 Dono.
1193 2703 1243 2770 De
1259 2704 1318 2770 hoo

160 2811 213 2898 qui
233 2819 341 2876 estex
358 2808 491 2897 Virgine
507 2805 705 2884 Emmanuel,
726 2803 807 2869 dixit
827 2801 948 2868 David:
973 2805 1047 2870 Non
1064 2815 1186 2872 obortas
1198 2809 1400 2907 summano
1332 2821 1400 2862 Ριιι
1402 2823 1483 2872 mtto

162 2915 278 2980 Otmn·
299 2915 357 2980 toi.
392 2913 523 2978 Jnrooit
543 2911 694 2976 Dominus
715 2907 827 2972 David
844 2909 1011 2989 meliloton,
1035 2920 1063 2976 ot
1083 2932 1143 2976 nm
1164 2911 1339 3000 disponat

159 3041 239 3098 enan,
255 3018 304 3084 Do
315 3019 429 3104 fmotn
443 3015 558 3081 ominis
571 3015 618 3079 tui
633 3032 750 3099 ponam
765 3033 856 3097 sopor
869 3011 967 3076 rodem
982 3023 1078 3080 tuam.
1124 3013 1193 3080 Et
1184 3025 1314 3084 nomm·

158 3121 296 3188 Noton
282 3143 317 3186 m
333 3119 451 3185 Judaea
465 3119 559 3196 Dona,
580 3118 731 3201 olfactus
748 3123 790 3178 ml
807 3115 842 3178 in
856 3135 937 3200 poco
956 3115 1087 3181 loom
1056 3139 1129 3201 epm,
1151 3128 1180 3184 et
1197 3118 1317 3184 labitu-
1330 3121 1361 3161 P
1371 3123 1408 3162 ¹
1410 3125 1450 3164 ·²

159 3225 263 3290 solnm
284 3225 347 3309 mins
364 3215 399 3287 rt
414 3222 500 3288 uim.
545 3219 640 3284 Unus
659 3217 755 3304 igitur
773 3224 807 3284 et
829 3217 912 3282 idom
932 3217 1030 3297 Deus,
1047 3221 1100 3306 qui
1119 3242 1140 3285 a
1158 3181 1363 3308 prophetiesul

157 3328 346 3415 praedicatus
360 3334 419 3400 est,
435 3333 468 3390 et
482 3325 522 3389 ah
537 3321 696 3408 evangelio
710 3319 924 3399 annuntiatus,
939 3331 972 3386 et
987 3321 1080 3410 hujus
1096 3324 1196 3390 Filius
1210 3327 1317 3412 quiex

156 3439 263 3504 lruotu
284 3434 402 3502 ventris
424 3432 537 3513 David,
559 3432 592 3496 id
613 3438 663 3496 est
685 3451 726 3495 ex
752 3429 856 3494 David
883 3429 1026 3518 Virgine,
1049 3440 1082 3497 et
1108 3433 1313 3500 Emmanuel.

155 3543 248 3628 eujus
261 3547 294 3605 et
308 3538 432 3604 stellam
445 3535 594 3600 ³Balaam
609 3531 773 3620 quidem
747 3554 793 3598 sro
807 3533 1017 3620 prophetavit.
1037 3535 1263 3604 Oriotnrstollr
1279 3553 1384 3646 emptor
1348 3556 1428 3596 mor
1429 3558 1472 3596 m

155 3641 264 3722 Jacob,
280 3652 309 3708 ot
320 3649 422 3727 surget
435 3639 526 3704 dnn
513 3659 547 3703 m
562 3635 676 3702 Irrnol.

157 3880 231 3923 omos:
246 3881 264 3915 o
278 3865 347 3916 hoco
360 3880 414 3914 mro
427 3863 537 3926 sonori,
553 3860 617 3926 qood
633 3858 712 3910 turbis
762 3859 806 3908 tho
819 3858 911 3921 Oroodo,
924 3877 948 3925 p.
959 3861 1013 3924 278.

157 3947 193 3998 ml
210 3948 354 4010 boptrhmnm
367 3945 538 4009 cmmoerotibm
545 3941 712 4009 poenitmtiam
810 3956 890 4006 vste
908 3957 994 4023 syrim
1012 3927 1172 4021 nul-hd
1190 3977 1315 4026 expresses

152 4029 332 4094 prodimur-it,
352 4043 426 4093 porro
443 4029 472 4078 td
489 4043 579 4092 quoque
594 4027 711 4076 olma&
762 4037 840 4086 either
858 4039 883 4087 ἐν
900 4041 991 4102 γαστρὶ
1010 4042 1055 4100 ἔξει
1073 4042 1102 4090 ol
1120 4043 1164 4090 the
1183 4043 1217 4092 N.
1238 4043 1266 4093 Τ.
1286 4061 1314 4094 or

157 4114 216 4175 πρὸς
228 4113 272 4171 μὲν
285 4115 339 4162 τοὺς
353 4111 495 4174 Φαρισαίους
509 4111 548 4158 καὶ
566 4109 709 4158 mimi·
761 4121 869 4182 λήψεται
891 4121 921 4169 ol
938 4122 982 4170 the
1005 4121 1103 4183 LXX,
1131 4123 1212 4174 which
1238 4127 1314 4176 lottsr

157 4212 204 4256 our,
231 4196 357 4255 ποιήσατε,
386 4196 478 4256 εἴρηται
503 4193 589 4254 ἑνικῶς,
620 4193 711 4255 καρπὸν
760 4201 863 4266 reading
874 4203 895 4251 is
909 4202 1021 4252 followed
1036 4203 1070 4268 by
1083 4205 1107 4254 S.
1121 4205 1242 4256 Gtrmnn
1254 4209 1311 4261 orlv.

156 4279 224 4337 ἄξιον
237 4279 281 4337 τῆς
293 4277 428 4336 pervolas·
447 4277 505 4338 πρὸς
520 4275 546 4323 n
557 4277 612 4326 rous
623 4276 710 4336 ὄχλους
760 4281 822 4332 Jod,
843 4295 861 4332 1.
881 4297 904 4348 9,
931 4283 957 4332 S.
977 4285 1099 4335 Antinoo.
1119 4285 1196 4350 Proefi
1217 4288 1246 4336 r'n
1267 4289 1311 4342 Pr.

155 4361 327 4420 πληθυντικῶς,
349 4359 426 4420 ἀξίους
448 4358 552 4420 καρπούς
573 4359 617 4417 τῆς
637 4373 710 4417 μετα·
759 4380 834 4414 xxxv.
865 4364 920 4414 Lno
932 4365 981 4427 M,
998 4382 1025 4415 os
1042 4366 1172 4416 Mnssunn
1188 4370 1310 4433 observes,

154 4443 226 4492 rotas.
256 4442 358 4494 (ἔκηε.
760 4445 937 4508 hasoonripiot.
966 4447 995 4496 in
1005 4449 1065 4498 Not.
1078 4461 1119 4498 111.

205 4521 214 4556 ¹
231 4523 284 4573 Tho
291 4523 544 4590 modarmnyoonsult
551 4524 593 4573 the
599 4523 710 4572 remarks
808 4524 820 4558 ⁸
836 4527 888 4576 The
900 4528 999 4579 Curru.
1012 4530 1062 4578 ond
1069 4529 1150 4580 Voss.
1161 4533 1313 4596 oopieshnvs

154 4619 221 4669 upon
233 4605 284 4654 this
295 4611 350 4657 text
361 4607 386 4656 in
398 4607 441 4656 the
452 4605 551 4656 editor's
562 4606 631 4654 work
642 4622 709 4670 upon
764 4607 858 4670 Ysoior,
873 4609 907 4674 by
917 4626 933 4658 s
943 4611 1074 4676 similarity
1085 4611 1114 4660 ol
1120 4627 1196 4663 error.
