3260 5082
198 527 252 568 tta.
262 526 288 566 V.

168 573 318 658 Gl’lxlll‘xhlr.

187 665 265 704 Mass
276 665 302 705 V.

201 711 286 752 niet.

170 789 318 800 ——

332 341 399 408 390
478 435 492 463 0
779 351 1056 407 snmeflmsrus

332 507 543 594 prediximus,
562 507 595 572 in
609 506 753 572 omnihus
768 505 947 594 ¹aequaliter
964 504 1227 592 supergrediente.
1265 503 1417 571 Diabolus
1430 526 1487 572 au·

332 617 407 688 tem,
423 608 536 695 quippe
550 616 696 696 apostata
708 609 863 675 exsistens
877 608 1016 695 angelus,
1032 609 1092 674 hoc
1106 615 1229 672 tentum
1249 615 1363 694 potest,
1383 609 1488 693 ²quod

332 719 365 776 et
385 711 450 798 egit
470 711 503 774 in
522 710 686 797 principio,
705 711 852 776 seducere
869 719 902 776 et
922 711 1103 775 abstrahere
1125 719 1262 776 mentem
1286 711 1422 776 hominis
1443 713 1487 778 sd

331 815 586 902 transgredienda
600 823 755 900 praecepta
776 815 848 892 Dei,
868 823 901 880 et
919 813 1069 899 paulatim
1087 815 1245 881 obcaecare
1265 815 1359 879 corda
1377 835 1486 879 eorum

331 917 401 1004 ³qui
414 926 600 982 conarentur
610 919 724 984 servire
738 918 779 994 ei,
794 919 835 982 ad
850 915 1092 983 obliviscendum
1106 917 1230 1004 quidem
1241 939 1347 982 verum
1362 919 1484 996 Deum

332 1021 434 1108 ipsum
448 1031 554 1086 autem
569 1021 658 1108 qnasi
674 1022 777 1086 Deum
791 1021 930 1086 adorare.

398 1128 428 1190 4.
466 1123 734 1205 Quemadmodum
753 1130 858 1188 autem
877 1121 991 1208 siquis
1009 1127 1155 1206 apostate
1173 1121 1332 1208 regionem
1350 1123 1488 1210 aliquem

331 1227 486 1292 hostiliter
504 1225 639 1311 capiens,
660 1227 820 1312 perturbet
839 1247 894 1290 eos
907 1223 960 1310 qui
980 1224 1013 1288 in
1030 1245 1069 1290 ea
1082 1232 1166 1302 sunt,
1186 1233 1223 1289 ut
1237 1225 1334 1311 Regis
1354 1226 1488 1312 gloriam

332 1330 392 1396 sihi
407 1329 542 1396 vindicet
555 1329 639 1414 apud
652 1327 834 1415 ignorantes
845 1327 929 1412 quod
942 1336 1089 1414 apostate
1102 1336 1136 1394 et
1146 1328 1227 1393 latro
1237 1327 1295 1394 sit:
1312 1328 1358 1394 sic
1372 1329 1487 1393 ⁴etiam

334 1433 496 1511 Diabolus,
515 1453 587 1498 cum
606 1431 650 1496 sit
671 1451 752 1495 nnus
772 1451 812 1495 ex
832 1430 953 1517 angelis
971 1431 1031 1509 his,
1054 1430 1106 1515 qui
1126 1452 1220 1515 super
1240 1430 1384 1517 spiritum
1404 1431 1488 1496 aeris

333 1535 491 1622 praepositi
506 1541 589 1614 sunt,
601 1533 859 1619 quemadmodum
876 1533 994 1598 Paulus
1009 1533 1182 1619 Apostolus
1197 1534 1231 1598 in
1245 1555 1283 1599 ea
1297 1555 1367 1622 quae
1381 1541 1431 1599 est
1445 1534 1488 1598 ad

334 1637 490 1724 Ephesios
511 1636 729 1715 manifestavit,
747 1635 887 1701 invidens
906 1636 1035 1715 homini,
1056 1645 1202 1723 apostata
1221 1659 1242 1702 a
1260 1637 1364 1702 divina
1384 1637 1488 1702 lactus

334 1749 383 1805 est
396 1739 479 1826 lege:
503 1739 617 1804 invidie
636 1737 719 1803 enim
739 1737 840 1804 aliena
857 1746 906 1804 est
925 1759 946 1802 a
964 1738 1044 1805 Deo.
1063 1741 1067 1749 '
1084 1739 1129 1804 Et
1149 1740 1296 1824 quoniam
1313 1761 1370 1824 per
1386 1738 1487 1803 homi-

333 1865 406 1908 nem
428 1843 573 1908 traducta
596 1849 646 1907 est
670 1841 827 1926 apostasia
851 1843 929 1928 ejus,
953 1849 986 1908 et
1008 1842 1197 1908 examinatio
1219 1843 1383 1908 sententiae
1405 1843 1486 1928 ejus,

334 1947 428 2012 homo
448 1946 550 2012 lactus
564 1953 622 2024 est,
638 1946 696 2010 lad
710 1945 770 2010 hoc
789 1945 891 2031 magis
905 1944 1067 2032 magisque
1081 1945 1284 2030 semetipsum
1297 1945 1488 2010 contrarium

335 2049 497 2115 constituit
508 2048 635 2126 homini,
651 2046 790 2111 invidens
801 2047 874 2112 vitae
888 2048 967 2132 ejus,
983 2055 1016 2110 et
1030 2046 1064 2110 in
1074 2067 1132 2112 sua
1146 2055 1302 2132 potestate
1313 2047 1488 2132 apostatica

334 2155 442 2220 volens
456 2153 637 2220 concludere
651 2173 732 2216 eum.
772 2150 920 2215 Omnium
934 2157 1038 2214 autem
1057 2149 1171 2214 artifex
1187 2149 1329 2214 Verbum
1345 2149 1416 2228 Dei,
1431 2171 1488 2234 per

335 2257 493 2322 hominem
510 2256 637 2322 vincens
655 2274 737 2332 eum,
760 2259 793 2318 et
811 2259 988 2337 apostatam
1008 2252 1184 2328 ostendens,
1204 2273 1222 2316 e
1241 2251 1396 2316 contrario
1413 2252 1488 2315 sub-

169 2378 221 2420 nue·
230 2389 251 2419 x·
261 2379 292 2419 ιι.
330 2362 409 2449 jecit
423 2381 495 2426 enm
509 2359 641 2425 homini:
665 2359 753 2436 Eece,
773 2357 891 2435 dicens,
906 2355 944 2420 do
958 2353 1038 2420 coleh
1044 2363 1222 2441 potestatem
1240 2355 1383 2420 calcandi
1395 2376 1488 2439 cuper

332 2475 492 2550 respectes,
508 2472 536 2526 et
548 2462 725 2547 scorpiones,
742 2469 770 2525 et
783 2480 876 2546 super
889 2479 999 2522 monem
1018 2458 1160 2522 uirtutem
1173 2457 1309 2528 icterica·
1330 2464 1366 2520 ut
1380 2477 1487 2540 quem-

333 2567 502 2632 admodum
521 2564 699 2629 dominatus
721 2571 770 2628 est
794 2560 912 2626 homini
933 2582 989 2646 per
1009 2559 1208 2646 apostasiam,
1232 2559 1277 2624 sic
1297 2559 1410 2624 iterum
1432 2579 1487 2644 per

333 2670 492 2736 hominem
504 2675 713 2734 recurrentem
727 2666 768 2732 ed
784 2664 898 2743 Deum,
914 2671 1080 2729 evacuetur
1093 2663 1252 2749 apostasia
1265 2663 1343 2749 ejus.

784 2977 884 3045 OAP.
910 2977 1032 3046 XXV.

335 3131 677 3232 Antichriete'ftocs
692 3131 866 3231 superbia
889 3146 921 3207 et
939 3132 1174 3230 tyrannicam
1191 3159 1354 3232 reponere,
1371 3149 1486 3233 prout

557 3275 582 3324 o
597 3249 756 3324 Dacico
774 3263 805 3324 et
821 3249 944 3325 Paulo
962 3249 1148 3350 descripta
1165 3264 1256 3326 eunt.

403 3437 433 3498 1.
468 3431 519 3497 Er
532 3454 595 3498 non
607 3438 730 3497 tantum
741 3434 860 3498 ⁶autem
868 3455 924 3518 per
934 3454 972 3498 ea
983 3455 1052 3520 quae
1065 3432 1150 3497 dicte
1163 3440 1246 3510 sunt,
1259 3433 1315 3498 sed
1325 3433 1374 3498 let
1385 3453 1441 3518 per
1449 3453 1487 3497 ea

338 3559 408 3626 quae
418 3545 510 3603 erunt
523 3537 582 3601 sub
598 3535 806 3614 Antichristo,
822 3535 1005 3614 ostenditur,
1021 3535 1167 3620 qnoniam
1178 3536 1332 3602 exsistens
1343 3543 1487 3622 apostata

337 3651 370 3706 et
383 3643 473 3720 latro,
490 3639 578 3725 quasi
595 3639 683 3704 Deus
697 3638 764 3702 vult
774 3638 915 3714 adorari;
932 3648 964 3704 et
979 3661 1050 3704 cum
1065 3639 1106 3702 sit
1120 3661 1237 3718 servus,
1252 3661 1359 3727 regem
1373 3661 1407 3705 se
1422 3638 1487 3704 vult

335 3741 516 3828 praeconari.
560 3739 618 3804 Ille
638 3740 722 3804 euim
739 3761 863 3804 omnem
880 3739 1051 3825 suscipiens
1069 3739 1182 3805 diaboli
1206 3741 1361 3820 virtutem,
1384 3741 1487 3806 veniet

335 3866 398 3910 non
413 3843 501 3931 quasi
516 3864 572 3907 rex
591 3843 706 3926 justus,
721 3863 779 3906 nec
794 3841 881 3926 quasi
896 3841 929 3905 in
942 3843 1134 3928 subjectione
1154 3843 1214 3908 Dei
1236 3843 1409 3931 legitimus3
1432 3843 1487 3908 sed

335 3945 451 4034 impius
479 3953 513 4010 et
535 3943 670 4030 injustus
696 3950 729 4008 et
757 3942 824 4008 sine
852 3941 931 4030 lege,
961 3943 1049 4031 quasi
1078 3953 1223 4030 apostata
1248 3953 1281 4012 et
1310 3945 1433 4032 iniquus
1455 3952 1487 4009 et

385 4131 887 4200 1oepuctasr.800msu.,V0ss.;but
985 4133 1063 4184 'Aa
1077 4135 1152 4184 omits
1163 4136 1214 4198 qui.

336 4218 388 4268 An.
405 4216 564 4279 temperaliter,
580 4213 730 4277 suggesting
744 4213 773 4260 im
787 4211 885 4275 apreli,
984 4215 996 4247 ⁴
1012 4215 1091 4266 αιίιιιι.
1121 4216 1222 4267 Ossan.
1235 4223 1315 4266 cedem
1325 4223 1353 4266 et.

336 4317 364 4349 ae
375 4301 418 4348 the
426 4297 610 4347 translationes
618 4299 643 4346 ἐν
653 4299 689 4358 τῷ
700 4299 752 4357 trp,
759 4296 798 4345 for
805 4295 887 4343 which
984 4295 996 4328 ⁸
1012 4297 1089 4358 Van„
1103 4298 1193 4358 Voss„
1213 4299 1260 4348 but
1276 4299 1376 4348 Consu.
1394 4296 1430 4347 nd
1445 4295 1488 4348 lwc

336 4379 461 4442 aqualiter
472 4393 522 4426 was
533 4378 683 4442 emarginal
693 4377 842 4442 equivalent.
936 4375 1075 4438 magisque,
1088 4379 1139 4428 Aa.
1153 4378 1235 4428 adhue
1245 4395 1277 4428 ιιι.
1290 4378 1421 4442 magisque.

385 4458 396 4490 ¹
412 4457 477 4520 prend
497 4465 518 4506 et
539 4457 593 4520 ιρὰ,
613 4460 681 4519 As.;
708 4459 755 4508 but
774 4457 886 4517 Galam,
985 4456 996 4487 ⁶
1012 4463 1098 4517 outone,
1112 4459 1198 4520 MSS,
1209 4461 1333 4510 caneelled
1343 4461 1378 4525 by
1385 4460 1487 4512 Geren.

337 4540 413 4600 Vna,
427 4538 509 4588 Voss
522 4539 587 4601 quod
598 4537 690 4600 detegit.
986 4537 996 4572 ⁷
1012 4539 1064 4588 Aa.
1077 4540 1151 4588 omits
1166 4548 1193 4590 et.
