3260 5082
270 383 337 448 386
561 394 641 458 QUA
666 394 735 446 nm
760 392 1047 448 TRANSGRESSUS
1067 392 1135 446 EST

133 573 188 612 mn
197 572 224 613 v.
270 555 378 615 nostro
397 548 450 636 qui
465 554 515 613 cet
532 548 565 612 in
584 547 672 613 coelis
688 568 789 634 neque
807 567 915 633 passer
930 545 1022 612 cedet
1041 545 1075 610 in
1088 553 1213 624 terram,
1236 523 1312 610 illud
1327 545 1424 632 igitur

108 620 255 752 flffiipt
272 652 355 739 quod
368 651 424 731 ait,
436 651 515 716 Hoeo
528 652 630 716 omnio
644 651 723 715 mitt
736 651 856 715 trudito
866 659 944 726 nent,
965 658 993 712 et
1012 650 1064 712 oni
1077 647 1141 712 eolo
1160 647 1198 712 do
1212 669 1259 727 oo,
1274 654 1310 712 ut
1325 648 1358 712 in
1372 669 1424 713 au·

105 759 256 842 LI}-
271 755 409 840 perbiam
428 754 529 819 elatus
542 753 596 818 ait.
634 753 745 838 Neque
759 753 842 816 enim
860 751 997 816 conditio
1014 751 1074 816 sub
1091 751 1160 836 ejus
1178 757 1335 835 potestate
1354 757 1420 816 est:

271 859 520 946 quandoquidem
534 867 566 922 et
578 857 644 943 ipae
658 879 740 922 unus
754 857 793 922 de
807 855 957 920 creaturis
968 861 1026 919 est.
1057 853 1167 940 Neque
1181 853 1248 939 ipse
1262 853 1424 918 hominum

271 983 401 1048 regnum
415 961 565 1026 attribuet
577 959 768 1034 hominibns;
792 959 847 1024 sed
861 957 1031 1023 secuudum
1046 956 1270 1022 ordinationem
1284 955 1344 1021 Dei
1360 957 1423 1021 Pa·

271 1064 339 1141 tris,
359 1072 392 1129 et
411 1071 525 1129 cratera
543 1085 683 1148 quaeque,
705 1071 739 1127 et
759 1083 829 1148 quoe
846 1069 920 1126 suut
941 1083 1016 1148 erga
1036 1060 1187 1137 homines,
1207 1060 1420 1144 disponuntur.

102 1197 150 1238 rou
160 1198 242 1238 nnn
272 1167 428 1232 Dominus
447 1175 553 1231 autem
567 1165 631 1230 ait:
657 1165 811 1247 Quoniam
832 1163 982 1228 Diodolm
1002 1163 1149 1228 lmendnn
1169 1172 1211 1228 ost
1223 1161 1261 1227 ol
1275 1163 1373 1239 initio,
1392 1171 1422 1227 et

270 1271 306 1334 in
323 1270 451 1333 oemtcte
464 1290 522 1332 non
535 1269 623 1333 nnn.
662 1267 697 1332 Si
714 1269 819 1354 itaque
834 1267 968 1332 mendax
982 1275 1040 1344 est,
1062 1275 1095 1330 et
1108 1287 1172 1330 non
1191 1273 1278 1330 stans
1296 1265 1329 1327 in
1342 1263 1419 1330 ven·-

269 1378 347 1450 tate,
362 1371 505 1436 videlicet
519 1392 582 1434 non
596 1393 702 1436 verum
716 1369 858 1434 dicebat:
886 1369 1036 1448 Quoniam
1053 1369 1118 1433 imo
1137 1369 1240 1434 omnio
1258 1366 1336 1432 mitt
1355 1375 1419 1430 tro·

270 1475 338 1541 ota
351 1483 430 1553 nnn,
447 1483 475 1538 ot
488 1473 539 1539 cni
551 1473 614 1538 noh
628 1473 667 1540 do
682 1495 736 1548 σας
752 1472 808 1538 sed
823 1473 1019 1538 mendacium
1033 1471 1172 1557 loquens.

711 1761 812 1828 OAP.
836 1761 982 1828 XXIII.

268 1925 451 2002 Diabolus
471 1937 631 2000 nannetes
652 1937 701 1999 est
724 1923 936 2014 mendaciis
955 1923 1085 2024 qnibna
1103 1923 1270 2000 eednctna
1289 1923 1421 2001 Adam

342 2058 438 2120 sento
463 2041 659 2118 creationis
680 2041 742 2116 die
760 2041 936 2142 peccavit,
957 2069 1026 2142 qno
1047 2041 1196 2118 tondent
1204 2069 1278 2144 pen
1298 2043 1420 2120 Oinia-

339 2174 417 2236 tnrn
433 2158 728 2260 neporutnesnit.

269 2345 297 2408 1.
335 2343 514 2408 Aesonius
537 2340 621 2405 enim
642 2347 710 2405 erat
727 2339 795 2425 jam
815 2338 857 2403 ad
875 2337 1089 2403 seductionem
1111 2337 1272 2403 hominnm
1294 2339 1420 2404 mentiri

266 2447 414 2511 adversus
429 2443 543 2509 Deum.
581 2443 635 2507 Ab
650 2441 738 2506 initio
754 2441 837 2506 enim
849 2441 967 2506 homini
982 2462 1086 2506 escam
1100 2441 1231 2506 multam
1245 2464 1317 2507 cum
1332 2443 1420 2508 Deus

267 2549 415 2626 dedisset,
431 2569 471 2612 ex
485 2569 548 2610 una
561 2554 667 2610 autem
682 2553 806 2610 tantum
819 2545 929 2608 arbore
941 2545 1139 2632 praecepisset
1154 2567 1193 2610 ne
1208 2547 1418 2628 manducaret,

100 2681 250 2730 cannen.
268 2650 529 2738 quemadmodum
550 2648 710 2733 Scriptura
727 2646 804 2711 dicit
818 2646 935 2710 dixisse
951 2645 1055 2710 Deum
1072 2648 1112 2711 ad
1128 2649 1249 2713 Adam:
1274 2649 1325 2714 At
1339 2651 1421 2715 ononi

268 2754 348 2841 iipno
362 2753 444 2840 qnod
456 2761 498 2816 est
513 2752 548 2815 in
555 2751 706 2838 paratino
727 2771 824 2813 ennom
843 2749 1057 2823 ntandnoodim
1082 2754 1123 2815 2a
1137 2751 1218 2836 lipno
1236 2761 1337 2818 antem
1356 2775 1421 2840 oop-

266 2856 408 2921 noaoendi
422 2854 529 2918 donenn
544 2862 571 2916 ot
585 2851 710 2928 ntolnnt,
726 2849 780 2914 ³ob
797 2873 828 2914 oo
841 2873 901 2914 non
916 2851 1157 2918 manducabitis:
1180 2876 1242 2938 qno
1256 2865 1357 2920 octeno
1371 2857 1421 2921 die

266 2956 527 3021 manducaveritis
540 2953 578 3017 ab
594 2976 635 3032 eo,
648 2962 741 3018 morto
755 2953 945 3024 morianini3
965 2953 1016 3018 illc
1028 2955 1181 3020 mentiens
1194 2956 1341 3023 adventu
1354 2958 1420 3024 Do-

267 3059 396 3136 minum,
412 3055 563 3121 4tentavit
576 3055 744 3132 hominem,
760 3055 1021 3139 quemadmodum
1038 3057 1199 3143 Scriptura
1213 3059 1290 3124 dicit
1304 3060 1420 3126 dixisse

99 3193 152 3234 oen.
162 3193 192 3234 nr.
201 3197 218 3234 1.
265 3166 442 3245 serpentem
455 3157 590 3221 mulieri:
617 3157 700 3236 Quid
712 3158 815 3243 itoqoo
829 3157 910 3221 dnn
927 3159 1029 3223 Dona:
1045 3160 1098 3223 No
1111 3161 1368 3228 mandacaveritis
1381 3162 1420 3228 od
1430 3182 1456 3222 n.
1466 3183 1510 3222 na

266 3261 348 3326 anni
372 3260 452 3346 iipno
469 3257 647 3346 paradisi?
692 3258 737 3322 Et
763 3281 834 3323 cum
860 3259 913 3324 illa
938 3261 1129 3326 traduxisset
1153 3263 1358 3342 mendacium,
1385 3273 1419 3332 et

99 3389 244 3439 annuae
264 3363 448 3450 simpliciter
469 3361 626 3426 retulisset
652 3369 853 3448 praeceptum,
876 3361 909 3426 in
929 3385 966 3428 eo
993 3363 1076 3448 quod
1100 3364 1234 3430 diceret:
1263 3364 1314 3428 At
1337 3370 1419 3434 ononi

265 3466 347 3552 lipno
365 3465 515 3553 paradisi
536 3462 804 3528 nondnccdimna:
828 3487 849 3530 a
864 3467 979 3550 fracto
999 3475 1099 3530 antone
1122 3467 1200 3552 iipni
1219 3469 1302 3553 qnod
1320 3479 1362 3533 ost
1384 3470 1418 3534 in

264 3570 361 3635 incudo
368 3567 533 3656 porodm,
554 3566 636 3630 dicit
655 3567 750 3646 Deae,
771 3589 808 3630 oo
827 3590 859 3632 eo
875 3589 935 3632 non
954 3567 1187 3649 manducabitis,
1205 3591 1299 3656 neqnc
1317 3572 1418 3658 totipo-
1511 3583 1527 3606 '

312 3759 323 3790 1
340 3757 451 3809 mmm.
470 3757 505 3807 N.
513 3757 542 3806 T.
553 3757 745 3819 inoperantem.
763 3757 817 3806 'I'he
915 3755 927 3789 ⁸
943 3758 1043 3807 Cannu.
1056 3773 1073 3808 o
1084 3757 1150 3821 ttpno
1161 3757 1261 3810 amnti.

262 3837 817 3901 termnertdnaoccurriugiuthesameveras
915 3837 981 3888 ’Aa
1003 3853 1028 3888 eo
1047 3840 1085 3888 bie
1106 3839 1191 3889 addldi
1213 3857 1243 3889 ex
1261 3841 1337 3890 veteri
1354 3842 1416 3894 Ood.

262 3936 290 3970 ee
307 3920 405 3984 applied
421 3924 449 3968 to
466 3919 551 3980 Satan,
567 3919 589 3967 it
599 3920 620 3968 is
631 3920 749 3983 probable
760 3921 817 3969 that
866 3919 987 3970 Faunae.
1002 3926 1028 3970 et
1044 3921 1153 3971 Anum
1170 3926 1246 3986 atque
1262 3922 1342 3972 Voss.
1358 3925 1418 3988 quia

261 4003 306 4052 the
322 4003 417 4065 change
427 4001 473 4050 has
484 4001 546 4048 been
557 4001 646 4049 caused
656 4001 691 4064 by
702 4017 717 4050 a
727 4001 816 4050 failure
867 4001 1032 4065 Septuaginta
1048 4019 1146 4068 quoque
1162 4005 1199 4053 ita
1214 4005 1314 4065 habent,
1339 4011 1365 4054 et
1386 4021 1418 4055 ex

262 4085 291 4134 ol
298 4097 425 4146 memor-53
436 4082 486 4131 and
497 4097 612 4146 compare
622 4082 666 4130 the
674 4083 723 4132 last
731 4083 781 4132 line
789 4084 819 4132 of
865 4081 913 4130 illis
925 4082 997 4130 Philo
1008 4083 1026 4131 J
1029 4083 1121 4146 ndaeua,
1134 4101 1164 4133 ac
1180 4101 1265 4137 omnes
1278 4087 1359 4137 Graeci
1371 4087 1418 4136 Pa·

261 4164 312 4212 this
323 4163 433 4226 chapter.
468 4163 495 4211 It
503 4162 599 4226 maybe
610 4163 737 4224 obscrved,
746 4163 814 4212 how·
864 4167 923 4224 tres,
933 4169 1037 4228 excepto
1044 4163 1192 4228 Epiphanio,
1202 4167 1415 4230 incujusHoeres.

261 4293 326 4338 ever,
338 4275 396 4325 that
406 4277 433 4326 in
443 4276 487 4326 the
499 4277 585 4342 Syriae
601 4239 699 4337 Mn
721 4292 737 4324 a
748 4292 814 4325 mor.
864 4242 904 4338 §4⁹
924 4243 993 4305 ἕω)
1013 4248 1218 4338 Wiffl'two‘,
1237 4251 1319 4298 nmio
1336 4265 1369 4298 nn
1385 4249 1417 4298 ab

862 4341 923 4388 ipso,
949 4326 990 4374 vel
1008 4342 1024 4375 a
1045 4325 1132 4376 Scriba
1152 4331 1271 4392 positum.
1313 4331 1415 4381 Gaul.

260 4381 336 4442 deror,
360 4381 410 4429 and
493 4387 506 4446 ξ
532 4401 549 4434 c
567 4384 625 4447 lior,
644 4385 707 4436 have
729 4385 814 4435 letters
863 4405 916 4456 The
927 4407 979 4456 ΑΒ,
992 4408 1086 4472 merely
1096 4409 1226 4460 ,lumbe
1239 4412 1355 4478 poppam,
1368 4427 1418 4461 m

260 4479 289 4528 of
301 4479 518 4544 thesameorgan,
535 4481 586 4532 and
602 4499 644 4532 are
657 4485 714 4534 oia
730 4486 814 4550 partly
862 4487 1129 4540 manducabitieudoo.

259 4559 354 4610 similar
364 4560 452 4611 sound.
912 4568 923 4600 ⁴
940 4569 1041 4620 Cannu.
1053 4577 1160 4630 manna.
