3276 5086
312 361 379 428 306
728 375 835 429 ιιιιιιι
858 375 1057 430 uovrssnu

174 549 231 635 nup.
232 550 278 636 Ιιιι.
314 530 455 597 ldicebat
470 553 545 608 cos;
567 529 702 596 similem
718 529 888 596 Sodomitis
906 527 1197 617 transgressionem,
1212 535 1246 594 et
1263 527 1373 594 eadem
1397 549 1474 614 quae

177 597 272 728 ὲέῑνι-
317 635 396 700 1illis
413 635 537 700 luerunt
559 641 688 722 peccata
709 657 778 700 esse
799 634 883 720 apud
906 656 961 700 eos
980 634 1171 722 significans,
1189 641 1316 719 propter
1332 633 1472 698 similem

162 733 239 820 ³⁰¹⁸?-
250 735 289 776 Ν·
315 737 526 855 operationem
546 737 656 802 eodem
674 735 824 802 vocabulo
846 759 962 802 vocans
987 758 1052 802 eos.
1096 735 1142 800 Et
1167 736 1240 822 qnia
1265 757 1329 800 ιιοιι
1354 743 1473 800 natura

148 849 418 906 -essent
447 841 493 907 sio
521 841 597 906 facti
626 862 647 906 a
673 838 753 918 Deo,
783 839 839 904 sed
866 839 919 925 qui
944 847 1073 926 possent
1095 847 1127 904 et
1148 840 1235 924 juste
1256 861 1359 926 agere,
1383 839 1472 903 idern

149 967 267 1008 naara
313 943 447 1023 dicebat,
476 944 639 1010 consilium
668 943 714 1008 eis
742 943 822 1007 dans
851 941 1342 1020 1ιιιιιιιιιιιεΕαιιιιιιιὶιιὶ,ιιιιιιιοιί
1370 950 1471 1018 estote,

312 1049 431 1132 oasam
445 1047 596 1134 comidior
610 1044 648 1110 od
662 1043 841 1110 ποιιιιηιαῠιιι
855 1045 962 1110 ocem
976 1053 1047 1109 cota
1060 1044 1158 1108 oculere
1172 1066 1257 1122 meos,
1273 1043 1414 1129 quiescite
1430 1041 1472 1106 ab

312 1148 526 1236 iniquitatibus
540 1149 656 1213 vostris.
703 1146 830 1212 Scilicet
845 1146 993 1232 quoniam
1008 1146 1092 1211 idem
1106 1145 1166 1232 ipsi
1183 1167 1256 1211 oum
1270 1144 1472 1232 transgrede-

312 1261 421 1318 rentur
434 1259 467 1316 et
481 1259 655 1336 peccarent,
670 1250 801 1316 eandem
816 1271 910 1336 quam
925 1249 1096 1314 Sodomitis
1110 1255 1314 1335 perceperunt
1324 1249 1473 1334 objurga·

312 1353 441 1420 tionem.
499 1354 581 1419 (lum
605 1353 691 1418 enim
716 1360 970 1419 converterentur
991 1359 1024 1417 et
1045 1351 1263 1438 poenitentiam
1285 1358 1413 1437 agerent
1434 1357 1471 1414 et

314 1455 510 1539 quiescerent
538 1475 558 1518 a
586 1453 715 1532 malitia,
743 1453 798 1518 filii
824 1461 969 1540 poterant
995 1475 1064 1518 esse
1094 1453 1166 1531 Dei,
1191 1461 1224 1516 et
1253 1451 1471 1516 haereditatem

315 1559 464 1642 consequi
486 1557 702 1643 incorruptelae
725 1577 794 1643 quae
820 1558 861 1622 ab
887 1579 924 1622 eo
953 1563 1132 1642 praestatur.
1178 1555 1357 1620 Secundum
1385 1555 1470 1618 hanc

151 1683 263 1724 usam
264 1659 410 1745 .igitur
442 1659 605 1738 rationem,
645 1659 774 1746 angelos
813 1659 928 1724 diaboli
963 1667 996 1724 et
1023 1657 1104 1722 filios
1134 1657 1216 1722 dixit
1245 1656 1383 1743 maligni,
1413 1657 1470 1742 qui

150 1733 211 1816 iliu·
219 1775 301 1816 xlm
315 1759 437 1826 diabolo
461 1760 600 1838 credunt,
625 1769 658 1824 et
682 1783 720 1825 ea
745 1783 815 1846 quae
841 1769 916 1825 sunt
939 1761 1007 1846 ejus
1037 1768 1146 1847 agunt.
1192 1759 1253 1840 Qui
1279 1759 1403 1846 quidem
1424 1759 1469 1822 ab

313 1862 403 1928 initio
425 1885 533 1928 omnes
552 1863 593 1927 ab
612 1883 674 1927 uno
696 1867 747 1928 Vct
769 1863 878 1928 eodem
894 1861 965 1926 Deo
987 1861 1062 1927 lacti
1084 1869 1169 1926 sunt.
1207 1860 1329 1926 Verum
1343 1862 1470 1948 qnando

314 1963 445 2030 credunt
471 1973 504 2030 et
528 1963 661 2050 subjecti
691 1969 782 2029 ⁴sunt
812 1964 892 2042 Deo,
917 1971 1115 2049 perseverant
1138 1969 1171 2026 et
1200 1961 1373 2027 doctrinam
1397 1964 1470 2048 ejus

314 2066 502 2144 custodiunt,
522 2067 671 2132 filiisunt
691 2067 770 2132 Dei:
795 2087 868 2132 cum
891 2075 997 2130 autem
1010 2065 1219 2130 abscesserint
1232 2073 1266 2130 et
1280 2065 1469 2152 transgressi

313 2168 439 2247 luerint,
461 2169 584 2234 diabolo
606 2169 827 2234 adscribuntur
847 2167 988 2253 principi,
1009 2167 1056 2232 ⁵ei
1074 2167 1124 2255 qui
1150 2168 1250 2254 primo
1269 2168 1328 2232 sibi
1343 2177 1419 2232 tunc
1433 2176 1469 2232 et

314 2272 440 2358 reliquis
454 2295 549 2338 causa
562 2272 769 2339 abscessionis
783 2272 825 2337 sit
839 2273 950 2336 lactura.

379 2379 410 2441 2.
456 2376 611 2456 Quoniam
633 2383 740 2440 autem
762 2375 853 2440 multi
877 2373 1001 2460 quidem
1023 2374 1152 2439 Domini
1177 2397 1345 2454 sermones,
1369 2397 1467 2440 unum

314 2485 420 2544 autem
445 2487 478 2542 et
507 2478 641 2543 eundem
670 2499 780 2544 omnes
807 2476 996 2542 annuntiant
1026 2477 1166 2543 Patrem,
1180 2480 1331 2544 factorem
1359 2477 1467 2544 mundi

314 2579 418 2665 hujus,
445 2580 608 2664 oportebat
637 2586 670 2644 et
699 2601 756 2644 nos
783 2581 925 2665 Vpropter
954 2599 1019 2658 eos,
1046 2580 1155 2666 quiin
1181 2581 1287 2645 multis
1313 2581 1468 2645 erroribus

315 2682 523 2761 eontinentur,
539 2704 595 2766 per
608 2681 707 2746 multa
721 2681 891 2759 conhrtare,
914 2681 941 2746 si
960 2703 1021 2768 quo
1041 2683 1134 2748 modo
1148 2691 1276 2768 possent
1292 2705 1349 2770 per
1369 2683 1468 2747 multa

315 2783 468 2849 confutati
505 2784 546 2848 ad
575 2784 738 2866 veritatem
767 2783 904 2848 converti
933 2791 966 2848 et
994 2784 1116 2852 salvari.
1172 2785 1390 2851 Neocffiarium
1418 2793 1467 2850 est
1482 2797 1512 2835 Μ·
1525 2798 1573 2837 ²⁸⁹-

314 2893 431 2964 autem,
461 2885 682 2970 conscriptioni
719 2884 792 2950 huic
821 2885 854 2949 in
882 2887 1024 2973 sequenti
1053 2895 1125 2973 post
1154 2888 1282 2953 Domini
1310 2910 1467 2954 sermones

315 2988 503 3074 subjungere
531 2987 622 3051 Pauli
648 3009 771 3074 quoque
796 2988 979 3070 doctrinam,
1009 2998 1043 3056 et
1071 2991 1250 3057 examinare
1278 2992 1467 3058 sententiam

315 3091 393 3176 ejus,
409 3098 442 3153 et
457 3088 646 3174 Apostolum
660 3111 826 3176 exponere,
841 3099 874 3156 ct
889 3113 1081 3179 quaecunque
1094 3095 1134 3158 ab
1149 3093 1304 3158 haereticis
1318 3093 1351 3156 in
1365 3101 1468 3158 totum

315 3213 378 3256 non
407 3190 650 3277 intelligentibus
676 3215 746 3278 quae
771 3216 792 3258 a
822 3193 922 3259 Paulo
950 3195 1036 3260 dicta
1064 3203 1147 3274 sunt,
1176 3196 1254 3260 alias
1282 3205 1468 3283 acceperunt

316 3295 598 3380 interpretationes,
628 3297 804 3384 explanare,
834 3309 867 3364 et
896 3299 1086 3364 dementiam
1114 3299 1335 3366 insensationis
1361 3321 1468 3366 eorum

251 3449 253 3452 .
316 3398 498 3464 ostendere:
522 3407 555 3463 et
569 3400 609 3464 ab
624 3402 734 3466 eodem
751 3403 861 3481 Paulo,
878 3425 918 3467 ex
933 3425 995 3489 quo
1013 3403 1103 3468 nobis
1118 3404 1306 3489 quaestiones
1321 3404 1466 3484 inierunt,

316 3501 525 3575 manifestare,
541 3501 609 3566 illos
621 3502 746 3588 quidem
760 3506 934 3584 mendaces,
948 3505 1137 3591 Apostolum
1151 3529 1223 3572 vero
1235 3508 1468 3593 praedicatorem

318 3625 388 3670 esse
410 3603 560 3682 veritatis,
579 3613 611 3669 et
633 3606 738 3671 omnia
760 3608 963 3672 consonantia
976 3607 1117 3672 veritatis
1138 3609 1293 3692 praeconio
1309 3609 1466 3683 docuisse

304 3706 414 3771 'unum
429 3707 534 3774 Deum
550 3707 679 3772 Patrem
693 3730 775 3785 eum,
791 3710 843 3796 qui
858 3710 981 3775 locutus
994 3710 1037 3774 sit
1051 3711 1092 3773 ad
1112 3710 1284 3790 Abraham,
1309 3712 1362 3798 qui
1379 3712 1470 3800 legis·

318 3808 477 3875 dationem
499 3809 618 3888 lecerit,
638 3811 690 3896 qui
713 3811 880 3896 prophetas
898 3811 1093 3898 praemiserit,
1120 3814 1173 3898 qui
1196 3813 1371 3880 novissimis
1392 3821 1470 3878 tem-

367 3993 446 4044 1Αιι.
455 3994 557 4055 ἀοιώαι,
566 3995 613 4056 illi,
627 3995 677 4044 and
688 3997 762 4045 omits
773 3996 868 4047 tonsa
969 3996 1093 4062 ‘psopter
1114 4015 1159 4049 cor.
1198 3999 1293 4048 (lason
1315 3999 1397 4048 would
1413 3999 1471 4048 read

368 4074 380 4106 ²
396 4077 532 4137 animabar,
547 4077 601 4137 Cn,
615 4077 762 4138 Aa.,Vnn.,
771 4077 850 4126 Voss.
916 4087 1051 4142 propterea,
1066 4081 1112 4130 but
1123 4081 1229 4130 without
1240 4081 1381 4146 authoritJJ
1396 4083 1472 4132 anda

367 4155 508 4218 1Ειιιιιιι.,
522 4157 615 4219 Genu,
633 4157 722 4206 Mnao.
735 4170 753 4206 1.
773 4159 835 4207 omit
851 4165 872 4207 et
921 4160 998 4222 slight
1016 4162 1122 4221 rothae
1140 4162 1166 4210 in
1186 4162 1229 4210 the
1247 4162 1331 4211 Greek
1349 4179 1428 4212 seems
1445 4168 1471 4212 to

317 4235 404 4296 codem,
425 4237 506 4285 which
523 4237 566 4285 the
583 4239 635 4287 An.
655 4239 708 4300 has,
733 4239 780 4287 bnt
798 4239 871 4288 omits
921 4240 1101 4302 beindicatcd;
1120 4244 1173 4292 ἐπει
1191 4245 1217 4292 δὲ
1232 4245 1321 4293 πολλοι
1334 4246 1415 4304 μέντοι
1430 4247 1473 4294 τοῦ

318 4317 378 4365 Deo.
923 4321 1013 4383 Κυρίου
1023 4321 1213 4384 λόγοι...ἐχρῆν
1232 4324 1272 4372 καὶ
1289 4324 1350 4383 ἡμᾶς
1365 4326 1405 4373 διὸ.
1422 4326 1473 4374 τού-

368 4394 379 4426 ⁴
395 4399 458 4456 root,
471 4395 515 4444 tho
530 4397 630 4448 Οιιιιιι.
643 4399 694 4448 and
705 4399 785 4452 Voss,
803 4399 872 4450 read·
923 4420 977 4452 τους
988 4401 1016 4466 [l.
1030 4401 1132 4467 τούτων]
1150 4405 1205 4453 τοὺι
1217 4404 1241 4452 ἐν
1253 4406 1357 4454 πολλαῖς
1372 4405 1473 4456 rabac

319 4476 379 4594 ing.³
395 4477 471 4604 pala,
485 4477 529 4527 tc.
542 4493 594 4528 erac.
923 4484 1101 4544 συνεχομένους,
1135 4485 1175 4532 διὰ
1202 4487 1302 4533 πολλῶν
1333 4485 1473 4548 ἀνατρέπειν

421 4569 445 4604 n.
458 4564 485 4605 et,
922 4567 996 4614 κ.τ.λ.
