3334 5070
609 391 688 444 NISI
714 392 787 444 PER
814 392 964 446 FILIUM.
1291 381 1357 446 159

197 548 352 643 τάγματι
399 551 512 649 φησίν·
554 553 607 622 ὅτι
646 552 733 641 αὐτῷ
768 560 818 641 τῷ
854 552 967 650 Κυρίῳ
1010 551 1074 622 ott
1113 551 1154 624 dv
1191 553 1355 640 ἐπείσθην,
1370 563 1521 652 Ῑὸῑέξξῇξ

197 661 306 733 ἄλλον
334 661 420 734 Θεὸν
445 665 722 755 καταγγέλλοντι
752 660 844 762 παρὰ
870 662 932 735 τὸν
958 661 1241 764 ὃημιουργόν....
1380 655 1506 742 nillil

1367 775 1517 790 ὴ

198 816 348 895 Quoiam
362 817 424 903 obsi
441 838 555 904 quoque
576 819 705 883 Duuiuo
724 839 783 884 uon
802 819 1005 898 crudeliorem,
1025 819 1158 886 ultorum
1178 819 1279 890 Deus
1298 845 1354 888 usr-

193 919 364 998 cunctanti,
377 929 497 1006 prutes
509 919 732 1004 fabricatorem
749 930 779 986 st
790 923 945 1005 sectorem
964 931 993 987 st
1010 924 1189 988 nutriorem
1210 933 1352 991 ommim.
1457 960 1459 964 ·

91 1037 173 1078 m
193 1020 260 1084 Sed
275 1021 419 1106 quonium
438 1020 476 1084 ab
495 1043 555 1086 uuo
572 1023 649 1100 Deo,
671 1022 726 1106 qui
745 1031 774 1086 ct
789 1022 867 1086 suu
884 1021 1030 1087 uetustum
1043 1023 1135 1108 fecit,
1156 1032 1184 1086 ot
1202 1045 1254 1088 uos
1263 1025 1352 1110 phus-

192 1123 299 1200 mooit,
316 1130 344 1185 ct
358 1124 459 1186 cronio
478 1123 608 1186 continet
625 1133 652 1186 et
666 1123 873 1202 administrat,
895 1125 1067 1212 uusbeuitus
1085 1123 1191 1190 Filius
1209 1126 1292 1190 uouit
1307 1126 1353 1192 ud

192 1245 254 1303 uos,
269 1245 357 1289 suum
364 1225 489 1309 plasma
503 1226 537 1289 iu
550 1226 736 1310 scrutinium
750 1226 966 1312 recapitulans,
975 1228 1075 1309 firmo
1089 1236 1132 1292 est
1144 1249 1212 1292 meu
1226 1227 1272 1292 ad
1284 1223 1352 1293 ccmo

181 1327 274 1408 fides,
298 1337 326 1390 ct
346 1327 508 1392 immobilis
528 1349 600 1412 eruc
622 1329 751 1392 Putrem
772 1328 903 1406 dilectio,
926 1337 1058 1415 utruque
1081 1329 1146 1394 Deo
1167 1328 1250 1394 uobis
1262 1351 1350 1414 prcc-

192 1427 285 1496 true.
324 1429 433 1515 Neque
454 1430 538 1494 enim
561 1431 691 1494 Putrem
712 1452 898 1518 cognoscere
923 1430 993 1516 quis
1015 1437 1130 1516 potest,
1156 1431 1217 1494 nisi
1241 1429 1350 1497 Verbo

193 1528 266 1609 Dei,
287 1529 319 1594 id
341 1538 399 1610 est,
418 1531 478 1596 nisi
496 1531 578 1596 Filio
598 1531 774 1608 revelante3
796 1553 895 1618 neque
917 1531 1044 1610 Filium,
1060 1531 1120 1596 nisi
1136 1531 1243 1597 Patris
1256 1532 1349 1598 bene·

192 1629 318 1714 placito.
364 1633 487 1698 Bonum
513 1639 620 1697 nutem
644 1633 794 1720 placitum
818 1633 923 1698 Putris
952 1632 1054 1698 Filius
1076 1631 1214 1719 perficit:
1250 1632 1349 1700 mittit

192 1734 276 1798 enim
289 1736 401 1812 Putem
422 1736 557 1801 mittitur
567 1742 674 1801 eutem
686 1744 719 1802 et
729 1737 815 1802 venit
825 1736 935 1802 Filius.
970 1736 1015 1800 Et
1025 1736 1154 1802 Patrem
1165 1735 1291 1822 quidem
1302 1736 1348 1800 in-

191 1835 343 1901 visibilem
354 1845 387 1902 et
400 1837 721 1920 ¹indeterminabilem,
733 1846 882 1924 quantum
895 1839 935 1903 ad
947 1860 1005 1904 uos
1016 1845 1074 1916 est,
1085 1837 1245 1925 cognoscit
1257 1859 1348 1904 sunm

191 1937 289 2022 ipsius
305 1938 455 2017 Verbum,
476 1947 509 2004 et
516 1929 595 2004 ‘cum
614 1939 657 2004 sit
676 1940 900 2018 inenarrabilis,
921 1939 987 2026 ipse
1007 1945 1132 2004 enarret
1150 1960 1222 2004 eum
1237 1937 1345 2004 uobis:

191 2062 313 2105 rmsnm
327 2049 432 2106 sutem
450 2041 591 2107 Verbum
610 2063 702 2106 suum
716 2041 800 2106 solus
820 2041 982 2128 cognoscit
1003 2041 1117 2104 Pater:
1141 2047 1272 2126 utraque
1291 2061 1347 2104 uu·

192 2151 256 2208 tem
280 2143 349 2208 haec
370 2143 416 2208 sic
438 2165 472 2208 se
493 2143 607 2208 habere
633 2143 842 2208 manifestavit
864 2142 1030 2207 Dominus.
1075 2141 1121 2206 Et
1141 2149 1267 2228 propter
1287 2141 1347 2207 hoc

193 2245 294 2310 Filius
326 2245 441 2311 revelat
475 2245 668 2332 agnitionem
704 2245 810 2308 Patris
844 2265 900 2328 per
932 2266 1022 2310 susm
1053 2243 1345 2310 manifestationem.

191 2348 326 2434 Agnitio
345 2351 428 2414 enim
444 2349 551 2414 Petris
569 2356 618 2413 est
635 2347 708 2411 Filii
726 2345 955 2412 manifestatio:
980 2345 1086 2409 omniu
1100 2345 1182 2408 enim
1195 2366 1250 2429 per
1266 2344 1347 2409 Ver-

191 2451 266 2514 bum
280 2451 528 2516 manilestuntur.
573 2450 621 2514 Ut
636 2471 710 2536 ergo
723 2470 979 2534 cognosceremus
993 2446 1139 2534 quonism
1154 2446 1207 2532 qui
1221 2445 1347 2510 advenit

193 2551 302 2630 Filius,
319 2553 385 2638 ipse
404 2560 453 2618 est
468 2553 520 2639 qui
534 2551 726 2639 agnitionem
747 2551 853 2615 Patris
872 2551 948 2615 iacit
962 2548 1159 2616 credentibus
1178 2547 1248 2624 sibi,
1264 2546 1346 2612 dice·

193 2655 248 2720 but
268 2655 443 2740 discipulis:
468 2655 566 2719 Nemo
585 2654 728 2740 cognoscit
748 2653 885 2718 esctun
903 2653 964 2716 uici
978 2651 1088 2730 Potor,
1109 2671 1201 2736 osque
1215 2651 1346 2714 Putrem

190 2756 252 2819 uisi
265 2756 380 2833 Filius,
393 2765 421 2820 ct
435 2755 657 2842 quibuscunque
667 2755 775 2820 Filius
789 2754 990 2828 revolutorum
1015 2753 1130 2817 docens
1143 2749 1346 2836 semetipsum

190 2865 223 2922 et
239 2856 368 2925 Putrem
382 2858 464 2922 siout
478 2865 536 2936 est,
555 2865 591 2926 ut
605 2857 737 2924 alterum
758 2877 821 2922 non
840 2855 1027 2941 recipiamus
1045 2855 1184 2933 Patrem,
1199 2851 1259 2918 uisi
1274 2873 1346 2918 eum

189 2959 242 3045 qui
257 2981 278 3024 a
293 2959 376 3024 Filio
389 2959 550 3024 revelatur.

254 3065 285 3128 3.
325 3062 391 3128 Hic
405 3069 512 3126 autem
526 3069 576 3128 est
590 3061 757 3128 fabricator
771 3060 842 3128 coeli
858 3068 891 3126 et
905 3068 1007 3138 terrae,
1025 3059 1286 3148 quemadmodum
1305 3080 1346 3122 ex

187 3165 380 3232 sermonibus
400 3167 469 3253 ejus
483 3164 670 3242 ostenditur3
694 3171 727 3230 et
746 3185 809 3230 non
830 3163 926 3250 isqui
944 3185 964 3226 a
985 3162 1159 3242 Marcione,
1174 3160 1222 3226 vel
1242 3159 1345 3226 aVs·

186 3268 313 3348 lentino,
329 3276 385 3334 unt
398 3289 419 3334 a
433 3267 580 3346 Basilide,
596 3273 651 3332 cut
665 3288 685 3331 e
701 3267 897 3353 Oerpocmte,
917 3272 973 3330 eut
989 3265 1126 3343 Simone,
1144 3269 1200 3328 unt
1219 3261 1345 3350 reliquis

186 3369 265 3435 salso
277 3370 523 3458 ³cognominetis
539 3368 699 3434 Gnosticis
713 3369 897 3434 adinventus
911 3374 960 3432 est
979 3365 1076 3432 falsus
1091 3367 1199 3431 Peter.
1242 3364 1344 3430 Nemo

185 3473 270 3537 enim
283 3471 404 3538 illorum
426 3471 527 3538 Filius
540 3471 600 3538 luit
614 3471 686 3552 Dei,
710 3472 765 3538 sed
781 3470 924 3538 Christum
943 3469 967 3533 J
969 3491 1041 3534 esus
1056 3469 1212 3534 Dominus
1226 3475 1342 3548 noster,

185 3576 333 3642 adversus
359 3597 451 3664 quem
474 3583 505 3640 et
526 3574 730 3640 ‘contrarium
753 3580 899 3640 exercent
919 3571 1126 3658 disciplinam,
1148 3569 1344 3656 incognitum

186 3678 291 3744 Deum
305 3679 456 3744 audentes
469 3677 663 3744 annuntiare.
705 3676 832 3742 Debent
845 3683 951 3742 eutem
966 3675 1000 3738 in
1018 3673 1204 3758 semetipsos
1217 3671 1339 3738 audire:

106 3845 111 3855 ,
160 3844 165 3856 ,
185 3781 446 3869 quemadmodum
460 3777 544 3846 enim
563 3779 752 3866 incognitus,
775 3777 828 3864 qui
847 3777 888 3842 ab
907 3775 984 3861 ipsis
1003 3773 1222 3862 cognoscitur!
1243 3769 1341 3858 quod-

186 3905 306 3972 cunque
326 3883 409 3948 enim
430 3881 478 3948 vel
497 3904 518 3947 s
536 3883 644 3968 paucis
661 3879 869 3968 cognoscitur,
890 3898 954 3941 non
968 3882 1016 3940 est
1035 3874 1238 3960 incognitum.
1275 3872 1341 3938 Do·'

185 3987 289 4052 minus
315 3993 421 4051 autem
446 4006 510 4050 uon
533 3985 566 4050 in
591 3992 694 4050 totum
719 4003 782 4047 non
807 4001 898 4066 posse
924 3975 1070 4066 cognosci
1093 3983 1127 4041 et
1153 3975 1283 4040 Putrem
1308 3983 1341 4041 et

188 4088 305 4153 Filium
319 4089 414 4153 dixit:
438 4093 604 4154 ⁵caeterum
618 4105 827 4171 supervacuus
841 4081 952 4147 fuisset
966 4080 1117 4146 adventus
1134 4079 1213 4166 ejus.
1257 4077 1341 4161 Qrdd

185 4191 269 4255 enim
283 4191 345 4258 huo
358 4191 523 4259 veniebat!
543 4211 585 4256 on
599 4189 646 4253 uti
661 4189 777 4254 diceret
796 4183 903 4251 nobis:
929 4181 1035 4248 Nolite
1055 4203 1192 4268 quaerere
1213 4181 1336 4258 Deum;

234 4343 243 4375 ¹
262 4345 316 4406 On,
335 4345 415 4396 Voss
430 4343 668 4406 semustum,
686 4345 735 4392 An.
838 4338 850 4372 ⁸
867 4339 920 4402 On,
935 4337 1025 4398 Voss,
1039 4335 1104 4386 nuc.
1116 4350 1194 4399 maru.
1208 4334 1240 4387 sl.
1256 4349 1339 4402 coguo-

186 4425 274 4476 Mune.
288 4439 318 4475 11.
331 4425 540 4477 intentantibus.
789 4422 859 4473 mim.

234 4504 246 4537 ¹
270 4505 347 4556 MSS.
367 4507 466 4558 Putrem
483 4507 535 4558 uiti
552 4507 641 4571 Folius,
664 4521 737 4573 nequo
837 4503 848 4536 ⁴
865 4500 980 4563 tumtur,
994 4501 1094 4550 ἀσκοῦσι
1106 4497 1268 4550 διδασκαλίαι.

187 4585 281 4636 Folium
292 4585 342 4636 uisi
353 4586 436 4637 Pater.
836 4585 847 4618 ⁸
863 4591 979 4646 ommno,
998 4582 1050 4632 ure
1067 4579 1212 4632 ἐπλεόνασεν
1227 4575 1264 4628 dr.
