3292 5068
332 377 375 442 26
773 397 1052 452 aurionmsnus

166 563 319 650 ngpqqqqt
332 555 442 612 meum
470 549 641 632 iqideliem
665 549 756 636 dujur
776 551 891 618 motii.
948 551 994 618 Et
1021 551 1081 618 hoc
1110 575 1166 639 per
1194 553 1488 620 subdistinctionem

178 637 313 743 fflfflsss
333 649 516 717 ostenditur.
561 651 635 718 Non
659 655 743 719 enim
770 653 875 719 Deum
901 654 994 742 hujus
1014 655 1121 721 saeculi
1142 655 1219 722 dicit
1245 656 1371 730 Paulus,
1398 655 1488 743 quasi

169 775 318 784 --
331 773 425 840 super
446 753 534 818 illum
555 755 688 822 alterum
713 757 849 844 aliquem
874 757 996 833 sciens;
1023 759 1079 824 sed
1103 759 1207 824 Deum
1235 759 1360 846 quidem
1382 759 1487 824 Deum

331 855 493 922 consessus
508 867 574 922 est:
599 857 740 924 infideles
753 869 859 925 eutem
874 860 980 926 saeculi
998 861 1092 947 hujus
1108 861 1195 941 dicit,
1215 862 1361 948 quonium
1377 871 1487 925 ventu-

330 980 401 1024 rum
424 959 641 1046 incorruptelae
666 983 730 1026 non
755 963 985 1029 haereditabunt
1008 963 1170 1030 saeculum.
1215 963 1486 1047 Quemadmodum

330 1071 436 1127 sutem
455 1063 544 1128 Deus
566 1065 735 1130 excaecavit
760 1075 882 1132 mentes
904 1066 1084 1146 infidelium,
1106 1090 1147 1133 ex
1168 1067 1237 1152 ipso
1261 1067 1360 1132 Peulo
1381 1073 1486 1130 osten·

331 1167 451 1244 demus,
461 1168 642 1252 proficiente
655 1168 746 1234 nobis
759 1191 912 1250 sermone,
922 1180 957 1236 ut
968 1193 1031 1236 non
1043 1193 1125 1236 nunc
1137 1172 1169 1236 in
1180 1170 1312 1236 multum
1320 1191 1487 1236 avocemus

331 1279 469 1336 mentem
484 1281 622 1336 nostram
636 1274 836 1360 aproposito.

398 1379 428 1440 2.
475 1375 630 1458 Quoniam
650 1386 757 1444 eutem
778 1379 959 1465 hyperbatis
982 1379 1159 1467 frequenter
1179 1377 1279 1444 utitur
1300 1375 1484 1464 Apostolus,

332 1489 458 1565 propter
472 1479 667 1546 velocitatem
686 1503 865 1548 sermonum
879 1505 1017 1562 suorum,
1032 1492 1065 1550 et
1079 1491 1206 1570 propter
1219 1482 1371 1568 impetum
1384 1480 1437 1568 qui
1452 1479 1485 1544 in

332 1582 401 1670 ipso
419 1593 468 1649 cst
484 1585 628 1671 Spiritus,
646 1608 687 1650 ex
706 1586 814 1652 multis
835 1586 961 1673 quidem
981 1586 1051 1651 aliis
1071 1595 1121 1652 est
1142 1585 1289 1650 invenire.
1327 1583 1390 1649 Sed
1404 1591 1437 1647 et
1452 1583 1486 1646 in

332 1707 371 1752 ea
386 1709 455 1774 quae
470 1697 520 1754 est
542 1688 582 1753 ad
599 1688 739 1768 (deletas,
763 1690 808 1755 sic
824 1689 888 1754 ait:
916 1690 1001 1770 Quid
1021 1712 1090 1776 erpo
1108 1686 1364 1774 ¹leesuotorum?
1379 1687 1486 1772 ροσίισ

332 1799 383 1870 eet,
405 1813 554 1878 usquequo
572 1793 676 1858 omini
689 1815 787 1858 semen
801 1793 854 1858 cui
868 1793 1054 1879 protheum
1069 1803 1120 1872 ort,
1133 1791 1281 1878 disposito
1293 1812 1353 1877 per
1366 1789 1486 1875 eupoloe

175 1911 289 1952 nurum
332 1893 368 1958 io
392 1915 486 1958 mauu
515 1894 711 1960 Modiolus-ie.
757 1896 921 1961 Ordinatio
949 1896 1032 1962 enim
1060 1897 1106 1960 sic
1134 1903 1203 1961 est:
1239 1893 1323 1974 Quid
1343 1915 1411 1978 erqo
1436 1891 1486 1957 ἶσα·

323 1997 511 2082 sactorum?
541 1998 689 2084 dthposito
705 2021 767 2086 per
786 2000 962 2086 appolonia
984 2021 1079 2065 mauu
1099 1999 1287 2066 Medorum
1305 1997 1410 2083 posita
1431 2004 1483 2073 eet,

331 2099 499 2186 usquedum
513 2103 616 2168 omiot
628 2123 726 2168 mmm
741 2103 983 2189 cuipromismm
997 2114 1058 2169 est:
1074 2112 1110 2168 ut
1124 2103 1167 2168 sit
1181 2102 1274 2167 homo
1289 2100 1485 2186 interrogans

331 2212 364 2268 et
395 2203 531 2288 Spiritus
559 2207 756 2292 respondens.
804 2207 849 2271 Et
873 2207 986 2271 iterum
1012 2206 1045 2271 in
1067 2207 1203 2272 secunda
1223 2205 1264 2270 sd
1286 2201 1484 2268 Thessaloni-

165 2330 309 2372 erueeua
331 2327 449 2385 censes,
472 2307 511 2372 de
533 2309 730 2375 Antichristo
752 2311 868 2391 dicens,
890 2312 954 2376 nit:
978 2311 1023 2377 Et
1046 2320 1118 2376 tuac
1138 2307 1323 2374 revelabitur
1348 2307 1480 2392 iniquus,
1495 2335 1579 2378 qm.

331 2432 418 2498 quein
432 2411 583 2477 Dominus
596 2413 686 2478 Jeme
701 2414 838 2480 Olmhtus
850 2416 1008 2497 interficiet
1019 2415 1136 2500 optrito
1149 2413 1212 2477 oric
1225 2411 1284 2489 sui,
1308 2419 1337 2476 et
1350 2409 1483 2476 detenet

323 2517 495 2601 presentia
509 2515 656 2582 aduentus
668 2519 719 2582 eui
732 2517 832 2598 illum,
848 2519 934 2604 cujm
947 2527 989 2583 est
1003 2518 1150 2582 adomim
1159 2515 1321 2582 modom
1334 2513 1483 2600 operatio-

330 2639 399 2683 nem
418 2620 556 2696 Satorum,
573 2621 608 2684 io
626 2621 708 2684 omni
722 2622 834 2686 uirtute
847 2631 876 2686 ct
893 2621 988 2708 donis
1006 2631 1034 2686 ct
1042 2621 1194 2708 portentis
1210 2619 1375 2684 mendacii.
1424 2616 1482 2682 Et-

331 2722 413 2786 enim
429 2721 460 2787 in
476 2721 526 2786 his
538 2722 691 2787 ordinatio
706 2723 858 2789 dictorum
873 2725 918 2789 sic
934 2733 998 2789 est:
1015 2725 1060 2790 Et
1070 2735 1141 2790 tuuc
1152 2721 1337 2789 revelabitur
1347 2721 1480 2808 iniquus,

331 2823 418 2908 cuijus
437 2833 479 2888 eet
493 2824 640 2888 edocatus
656 2825 819 2890 secundom
837 2827 1040 2912 operationem
1054 2829 1191 2904 Satrium,
1207 2827 1241 2890 iu
1258 2824 1339 2889 omui
1358 2824 1480 2902 virtute,

330 2935 359 2992 et
386 2925 491 3011 cipum,
518 2936 546 2990 et
563 2927 715 3012 portentis
733 2928 896 3007 mendacii,
923 2951 1010 3016 quem
1034 2930 1184 2994 Dominus
1206 2929 1297 2994 Jeeue
1322 2927 1483 3012 iateqiciet

328 3029 442 3116 spiritu
466 3029 528 3094 orie
548 3029 608 3108 eui,
633 3039 662 3094 ct
684 3029 813 3096 destruet
831 3033 1000 3117 pruentia
1021 3033 1167 3098 adventus
1188 3032 1247 3098 sui.
1303 3029 1375 3096 Nou
1397 3029 1481 3096 enim

328 3131 496 3197 adventum
512 3131 638 3197 Domini
661 3133 736 3198 dicit
757 3135 927 3199 secundum
942 3137 1153 3220 operationem
1176 3136 1302 3201 Setanae
1317 3133 1403 3210 fieri;
1425 3133 1482 3198 sed

328 3235 496 3302 adventum
518 3235 626 3323 iniqui,
649 3259 742 3323 quem
764 3245 797 3303 et
818 3238 1049 3304 Antichristum
1071 3239 1213 3305 dicimus.
1264 3237 1299 3304 Si
1320 3258 1396 3325 ergo
1418 3257 1481 3301 nou

328 3339 472 3404 attendat
493 3337 606 3425 aliquis
627 3338 762 3418 lectioni,
788 3347 822 3405 et
843 3341 1005 3406 intervalla
1025 3341 1223 3429 aspirationis
1248 3340 1426 3404 manifestet
1447 3338 1481 3403 iu

328 3463 390 3529 quo
411 3441 533 3520 dicitur,
548 3449 640 3507 erunt
656 3463 719 3508 nou
740 3451 865 3508 tentum
886 3443 1131 3532 incongruentia,
1153 3443 1209 3509 sed
1224 3452 1258 3508 et
1271 3442 1481 3528 ’blasphemat

327 3545 444 3632 legens,
456 3545 544 3632 quasi
557 3545 685 3610 Domini
699 3548 851 3613 adventus
865 3549 1035 3614 secuudum
1046 3547 1257 3634 operationem
1270 3546 1328 3611 fiat
1343 3546 1480 3612 Satunae.

330 3649 419 3716 Sicut
433 3672 508 3738 ergo
523 3651 556 3714 in
570 3651 684 3716 talibus
699 3660 822 3738 oportet
837 3673 892 3738 per
905 3651 1070 3718 lectionem
1084 3652 1277 3738 hyperbaton
1295 3650 1428 3730 ostendi,
1447 3659 1481 3716 et

328 3761 568 3840 consequentem
601 3753 746 3840 Apostoli
775 3755 890 3820 servari
919 3775 1055 3834 sensum,
1085 3754 1131 3819 sic
1159 3761 1193 3819 et
1218 3753 1261 3819 ibi
1284 3773 1348 3818 nou
1376 3753 1480 3819 Deum

378 3959 388 3993 ²
405 3959 585 4025 Lasoctorum
596 3960 647 4011 Ga.
661 3959 823 4024 παραβάσεων
833 3961 878 4023 χά·
927 3965 1039 4026 century,
1053 3961 1079 4011 in
1090 3961 1173 4012 Greek
1183 3961 1234 4012 and
1245 3961 1329 4022 Latin,
1343 3961 1387 4010 the
1398 3961 1481 4010 Greek

328 4062 365 4108 pu
376 4047 511 4108 προσετέθη
523 4046 592 4108 ἄχρις
602 4042 631 4093 od
642 4047 716 4094 κ.σ.λ.
733 4043 786 4092 The
797 4043 879 4092 Inter-
927 4049 982 4094 text
1000 4045 1045 4094 hes
1061 4047 1110 4094 τῶν
1127 4045 1290 4108 παραβάσεων
1307 4046 1387 4108 χάριν,
1408 4044 1480 4093 while

329 4131 411 4191 preter
421 4127 510 4192 adopts
527 4127 571 4175 the
581 4125 623 4174 old
634 4123 709 4174 Italic
719 4125 825 4188 version,
840 4126 879 4175 fur
927 4123 971 4174 the
988 4124 1073 4186 Latin,
1089 4142 1117 4174 ns
1135 4125 1201 4186 here,
1218 4125 1289 4174 reads
1300 4124 1443 4188 foetorum:
1464 4139 1480 4172 e

328 4223 355 4256 as
367 4207 462 4255 Gnann
479 4223 543 4272 mys,
559 4207 601 4255 the
618 4205 722 4270 reading
737 4208 844 4269 πράξεων
857 4207 878 4257 ie
927 4207 993 4256 clear
1010 4209 1089 4272 procl,
1108 4224 1136 4258 ae
1154 4209 1185 4257 he
1206 4223 1272 4272 says,
1295 4207 1353 4256 that
1368 4206 1395 4254 in
1411 4220 1480 4254 some

327 4289 442 4338 nowhere
460 4289 537 4338 lound
556 4289 583 4338 iu
601 4303 652 4352 any
674 4287 757 4338 Greek
772 4289 829 4339 MS.
851 4305 879 4338 cr
927 4289 1026 4338 ancient
1037 4289 1118 4353 copies
1132 4289 1239 4350 πράξεων
1256 4293 1324 4336 must
1338 4287 1402 4336 here
1418 4287 1480 4334 been

327 4371 463 4435 authority.
497 4370 550 4420 The
567 4385 635 4420 mmo
654 4370 811 4420 observetion
828 4371 880 4420 will
928 4371 1034 4430 written,
1048 4371 1095 4420 but
1105 4386 1171 4419 none
1181 4367 1285 4418 omitted
1296 4368 1374 4431 χάριν.

326 4453 403 4517 apply
421 4457 449 4502 tc
467 4451 509 4502 the
523 4453 661 4516 quotation,
685 4453 800 4518 repented
813 4457 877 4504 etv,
977 4449 988 4482 ¹
1004 4451 1159 4513 hheepheumt,
1177 4449 1232 4510 Gn,
1251 4450 1313 4509 Am,
1332 4448 1421 4498 Manu.
1438 4459 1479 4509 11.,

327 4534 377 4584 xxi.
394 4548 413 4584 r.
449 4535 578 4584 Missum
591 4551 656 4599 says,
674 4535 731 4584 that
750 4535 776 4582 in
789 4535 833 4582 the
851 4533 876 4583 S.
928 4532 977 4582 Gn.
983 4550 990 4594 ;
1003 4533 1049 4580 but
1060 4532 1147 4580 Mass.
1159 4531 1255 4580 follem
1266 4532 1309 4582 the
1317 4531 1398 4582 Voss.
1410 4529 1479 4580 roed·

327 4615 445 4666 Germeiu
455 4631 519 4681 copy
530 4616 559 4664 oi
572 4617 614 4665 the
625 4615 660 4666 N.
673 4615 702 4664 Τ.
715 4615 795 4664 nithe
805 4614 879 4662 ninth
928 4615 973 4678 ing
983 4613 1130 4676 dloeplcemo,
1143 4613 1176 4664 cf.
1189 4613 1381 4678 impatientia
