3260 5082
336 327 403 392 396
701 335 953 392 anvnumuuu
978 331 1129 388 DOMINO

202 515 298 602 grip.
336 494 475 582 perfecit,
495 493 674 558 ministrans
696 493 803 558 Patris
823 492 873 557 sui
895 489 1056 569 voluntati,
1078 496 1111 554 et
1127 486 1300 573 adimplens
1319 485 1498 550 seeundum

174 608 324 694 flfflgpfi·
337 598 507 664 humanum
530 619 630 684 genus
653 595 880 681 dispositiones.
924 593 985 676 Qui
1007 613 1082 679 ergo
1104 590 1321 676 blasphemant
1346 588 1497 653 Demiur-

175 701 324 788 ,ξ’-ἣ,
337 721 423 788 gum,
438 699 486 764 vel
500 698 576 784 ipsis
591 698 690 764 verbis
704 707 737 762 et
749 697 923 775 manifeste,
944 693 1203 783 quemadmodum
1217 693 1304 780 quia
1326 691 1496 756 Marcione

337 810 427 875 sunt:
450 802 498 866 vel
518 801 704 866 ¹seeundum
723 800 914 866 eversionem
928 798 1103 876 sementim,
1124 796 1382 882 quemadmodum
1400 793 1453 879 qui
1471 815 1496 858 a

339 905 508 970 Valentino
523 913 607 982 sunt,
623 913 656 969 et
671 925 779 970 omnes
794 904 847 990 qui
861 905 940 968 falso
954 903 1100 967 dicuntur
1113 923 1181 967 esse
1196 899 1355 974 Gnostici3
1372 919 1494 983 organa

337 1007 464 1072 Satanae
484 1009 524 1072 ab
538 1007 683 1073 omnibus
700 1007 804 1072 Deum
818 1006 992 1072 colentibus
1006 1013 1234 1093 cognoscantur
1248 1019 1326 1080 esse,
1342 1024 1398 1088 per
1412 1021 1494 1086 qnos

337 1112 473 1178 Satanas
498 1134 592 1190 nune,
618 1120 652 1178 et
677 1133 740 1177 non
764 1119 848 1189 ante,
870 1111 955 1175 visus
981 1118 1029 1174 est
1052 1109 1235 1174 maledicere
1257 1107 1337 1184 Deo,
1362 1110 1414 1170 ²et
1436 1104 1491 1190 qni

336 1215 441 1301 ignem
454 1223 607 1279 aetemum
621 1213 804 1300 praeparavit
818 1213 903 1278 omni
917 1211 1093 1298 apostasiae.
1130 1210 1212 1275 Nam
1227 1209 1294 1294 ipse
1307 1230 1364 1295 per
1377 1214 1491 1272 semet·

336 1316 439 1402 ipsum
453 1319 534 1382 nude
549 1340 612 1383 non
626 1317 780 1382 ³audebat
793 1314 1006 1401 blasphemare
1020 1335 1110 1379 suum
1126 1311 1317 1387 Dominum
1343 1309 1492 1395 quemad·

335 1421 463 1485 modum
486 1431 519 1488 et
544 1421 633 1487 initio
659 1441 715 1506 per
739 1427 916 1506 serpentem
942 1417 1067 1484 seduxit
1087 1415 1254 1496 hominem,
1279 1414 1367 1503 quasi
1388 1414 1491 1480 latens

338 1522 452 1590 Deum.

173 1731 321 1820 ppassim
418 1707 470 1786 3.'
502 1701 646 1777 4Καλῶο
679 1703 697 1770 ὁ
728 1699 911 1778 ’Ῑουστῖνος
942 1701 1016 1798 ἔφη,
1053 1700 1108 1770 ὅτι
1140 1695 1208 1795 πρὸ
1241 1695 1300 1781 μὲν
1335 1705 1393 1780 τῆς
1428 1703 1496 1768 τοῦ

338 1810 465 1911 Κυρίου
488 1812 671 1912 παρουσίας
694 1810 854 1884 οὐδέποτε
884 1813 1069 1895 ἐτόλμησεν
1098 1813 1117 1882 ὁ
1149 1813 1296 1888 σαταυᾶς
1325 1811 1491 1908 βλασφη-

337 1933 440 2009 μῆσαι
464 1923 526 1997 τὸν
550 1923 644 2009 θεὸν,
671 1923 733 1996 ἅτε
763 1923 896 2008 μηδέπω
926 1921 1014 2000 sidcis
1045 1925 1147 1996 αὑτοῦ
1176 1923 1236 2004 την
1265 1919 1489 2022 κατάκρισιυ·5

172 2061 309 2146 ffihffissll·
339 2034 391 2107 lad
417 2036 460 2109 τὸ
490 2039 523 2107 ἕν
548 2039 764 2134 παραβολαῖς
789 2037 842 2106 καὶ
865 2036 1086 2134 ἀλληγορίαις
1109 2038 1247 2106 κεῖσθαι·
1273 2033 1360 2118 μετὰ
1378 2031 1413 2104 δὲ
1429 2034 1491 2116 την

226 2135 231 2144 ·
267 2136 272 2146 “
1041 2142 1055 2184 ⁶
1092 2147 1352 2174 eeeee

173 2153 323 2202 emerim.
339 2149 526 2248 παρουσίαν
542 2151 605 2221 τοῦ
624 2149 751 2247 Κυρίου
768 2150 802 2218 ἐκ
826 2153 892 2219 τῶν
910 2148 1023 2239 λόγων
1061 2179 1162 2220 αυτου
1181 2179 1235 2218 και
1252 2178 1317 2218 των
1337 2148 1491 2218 αποστό-

338 2270 404 2332 λων
435 2261 548 2345 μαθιίν
577 2259 774 2362 dispartit,
814 2261 868 2332 ὅτι
903 2263 968 2360 πῦρ
1002 2261 1130 2332 αἰώνιον
1160 2261 1250 2350 arisai
1284 2260 1488 2343 ἡτοίμασται

402 2471 433 2534 3.
472 2467 558 2533 Bene
572 2467 596 2531 J
598 2467 719 2532 ustinus
733 2467 823 2544 dixit,
839 2467 985 2553 quoniam
999 2474 1073 2532 ante
1088 2467 1216 2532 Domini
1230 2468 1397 2533 adventum
1411 2489 1489 2532 nun-

336 2593 431 2659 quam
442 2592 537 2636 ausus
550 2579 598 2636 est
612 2570 746 2635 Satanas
759 2569 973 2655 blasphemare
986 2569 1098 2646 Deum,
1114 2569 1228 2656 quippe
1238 2571 1375 2636 nondum
1387 2571 1489 2636 sciens

337 2697 426 2740 suam
441 2674 691 2740 damnationem:
716 2673 861 2759 quoniam
877 2681 910 2736 et
925 2673 957 2736 in
977 2672 1140 2757 parabolis,
1156 2681 1188 2737 et
1207 2673 1370 2760 allegoriis,
1386 2695 1406 2738 a
1420 2695 1489 2758 pro-

337 2775 442 2861 phetis
462 2775 501 2840 de
520 2798 558 2841 eo
579 2776 625 2840 sie
643 2775 761 2839 dietum
778 2776 854 2838 ⁷est.
892 2773 972 2838 Post
993 2782 1099 2838 autem
1118 2774 1285 2839 adventum
1304 2774 1431 2839 Domini
1450 2797 1490 2840 ex

337 2878 533 2943 sermonibus
546 2875 680 2942 iChristi
696 2883 729 2940 et
748 2875 972 2962 Apostolorum
993 2875 1063 2960 ejus
1081 2875 1202 2940 disoens
1221 2875 1394 2956 manifeste,
1415 2897 1489 2962 quo

389 3065 400 3097 ¹
417 3065 471 3114 κατ’
480 3067 634 3126 ἀναστροφὴν
645 3065 687 3124 τῆς
697 3065 800 3126 γνώμης.
818 3064 890 3124 niara
941 3081 971 3114 or
990 3081 1058 3114 some
1081 3065 1161 3114 scribe
1181 3065 1241 3114 read
1262 3063 1327 3128 ἐμοί’
1346 3065 1443 3131 (ipsius)
1462 3081 1489 3114 aa

341 3145 613 3209 mss.,exoeptmaae.
619 3157 650 3194 11.
658 3145 891 3196 whichlrasmieaua
942 3145 1003 3208 xpi.
1046 3145 1100 3195 But
1121 3147 1165 3195 tha
1182 3147 1266 3196 Greek
1281 3163 1360 3196 seems
1381 3153 1409 3197 to
1425 3149 1488 3197 have

390 3226 439 3276 ²et
449 3229 470 3275 ia
482 3226 592 3275 inserted
603 3227 666 3275 from
678 3227 721 3276 the
732 3228 783 3275 Aa
796 3243 824 3276 aa
834 3227 892 3275 add·
941 3229 990 3276 lort
1005 3227 1049 3276 the
1066 3229 1141 3288 word,
1161 3229 1211 3277 and
1231 3234 1257 3278 to
1279 3231 1343 3279 have
1365 3229 1488 3295 diaplaoed

343 3307 386 3372 ing
397 3309 463 3357 foroe
474 3313 502 3357 to
513 3308 557 3356 the
567 3321 680 3372 passage.
942 3311 1016 3358 αὐτοῦ
1037 3309 1102 3358 from
1125 3311 1157 3359 ite
1173 3311 1281 3374 position
1302 3311 1366 3360 alter
1386 3313 1488 3361 droerd

390 3387 401 3420 ³
417 3389 480 3450 Am,
493 3390 540 3438 but
550 3388 630 3438 Voss.
643 3389 692 3438 and
703 3389 770 3438 Vns.
783 3387 863 3440 audet.
942 3393 997 3451 λωυ,
1013 3391 1052 3439 lor
1063 3391 1203 3453 OEsuunrt„
1217 3409 1250 3441 on
1262 3393 1305 3442 the
1319 3393 1367 3443 last
1378 3394 1450 3459 chop.
1463 3395 1490 3444 of

391 3469 402 3502 ⁴
418 3470 455 3518 uz
466 3485 512 3534 quo
528 3469 624 3520 Jnsiai
638 3471 755 3520 mmmm
770 3470 820 3520 Ιιιυσ
835 3469 892 3520 αἰα-
944 3472 1020 3522 1Pet.
1037 3473 1096 3522 thus
1108 3477 1195 3537 quotes
1206 3475 1250 3522 the
1261 3474 1340 3523 worda
1352 3475 1381 3523 of
1389 3475 1414 3524 S.
1427 3475 1445 3524 J
1448 3487 1487 3524 us·

340 3553 527 3614 veritlreaoeua,
541 3569 590 3602 noa
605 3552 724 3615 sprosed,
759 3553 893 3602 Petitaare
942 3554 1047 3615 mult„
1060 3555 1253 3604 aaalsoAunn.
1266 3556 1370 3605 Cassa.
1384 3555 1488 3620 rtrApo·

341 3643 386 3686 tem
397 3651 442 3685 ιιιι
452 3652 480 3685 ια
491 3635 553 3686 libro
561 3642 645 3684 coram
654 3635 813 3695 Ματοίοιιοιυ,
826 3651 894 3699 ortem
941 3637 1043 3698 wippa:
1052 3637 1172 3685 Λέλεκται
1180 3637 1206 3686 δὲ
1214 3638 1249 3698 τῷ
1254 3637 1489 3700 μακαρίῳἸουστίιιρ

341 3717 404 3767 alibi
413 3717 521 3767 Ireaoeaa
526 3717 621 3779 alteque,
632 3717 720 3780 conjeci
729 3717 793 3766 Τοπι.
805 3717 827 3766 Ι.
839 3716 893 3780 spe
943 3719 978 3777 τῷ
989 3719 1116 3779 φιλοσόφῳ
1131 3720 1171 3766 καὶ
1187 3719 1296 3783 μάρτυρι,
1310 3721 1373 3780 μετὰ
1389 3722 1434 3780 τὴν
1448 3721 1489 3768 τοῦ

340 3797 539 3861 αἹορὶίΡαίτιιια
549 3797 629 3848 Secedi
642 3813 664 3858 s,
673 3813 702 3861 p.
716 3796 770 3859 176,
789 3799 891 3848 Gitana.
943 3799 1050 3860 Χριστοῦ
1068 3800 1201 3862 παρουσίαν
1222 3803 1263 3850 καί
1279 3803 1324 3861 τὴν
1346 3801 1399 3850 κατ’
1419 3803 1489 3851 αὐτοῦ

342 3880 412 3930 Forte
422 3879 605 3939 atamazttro,
616 3896 684 3943 quem
692 3881 807 3930 οιίυιτιιιι
815 3895 894 3930 omnes
943 3881 967 3927 tr
977 3880 1061 3941 γεέννῃ
1078 3881 1203 3942 ἀπόφασιν
1219 3881 1367 3944 βλάσφημα
1383 3882 1489 3942 μάλιστα

341 3962 438 4012 hmanas
448 3961 553 4010 edidisse
562 3977 586 4010 ια
599 3960 727 4024 profitetur
739 3959 854 4011 Juatiaua
865 3960 894 4009 ιἰι
942 3959 1067 4019 ’γεγονέναι
1078 3961 1120 4008 τὸν
1135 3961 1260 4024 διάβολον·
1282 3962 1368 4024 καίτερ
1384 3963 1418 4020 μὴ
1434 3961 1488 4022 τρό-

338 4043 422 4109 prion'
433 4041 561 4105 Apameia,
575 4048 645 4090 mta
655 4048 718 4092 ruat.
753 4042 839 4091 Mass.
942 4055 1011 4102 repar
1022 4037 1096 4089 οὕτως
1107 4041 1206 4090 ἀναιδῶς
1217 4042 1258 4090 τὸν
1273 4042 1333 4090 θεὸν
1345 4041 1489 4104 βλασφημη

390 4123 470 4172 'The
489 4126 586 4172 extract
602 4122 667 4170 from
685 4122 821 4188 Etsnnms
836 4123 894 4171 here
943 4138 1028 4170 σαντα.
1061 4123 1089 4170 ’0
1101 4122 1490 4184 μέγαςὸἐἸουστΐιόςφησιι,ἐι

342 4205 410 4265 ands,
429 4203 480 4254 and
495 4205 539 4253 the
556 4203 639 4252 Greek
655 4205 744 4253 textis
761 4203 894 4253 eontinued
942 4223 974 4267 τη
982 4207 1026 4254 τοῦ
1037 4206 1144 4268 Χριστοῦ
1152 4208 1272 4269 παρουσίᾳ
1290 4207 1390 4269 πρώτως
1404 4209 1489 4268 γνῶναι

341 4285 406 4334 from
428 4301 444 4334 a
465 4286 562 4335 Gatena
583 4301 617 4334 on
637 4285 680 4334 the
703 4285 811 4336 dotatio
829 4285 893 4348 Bpp.
943 4285 1116 4348 τὸνὸιάβολον,
1130 4287 1168 4335 ὅτι
1182 4287 1384 4336 καταδεδίκασται
1400 4289 1432 4337 ela
1448 4289 1489 4348 τὴν

341 4365 424 4414 edited
445 4366 480 4429 by
502 4366 541 4414 Dr
558 4365 679 4426 Osann,
698 4382 722 4430 p.
741 4368 790 4428 81;
812 4367 833 4416 it
849 4367 894 4415 has
944 4367 1052 4428 ᾶβυσσον
1070 4367 1110 4415 καί
1128 4369 1280 4426 sterteret
1296 4368 1369 4428 πυρὸς
1385 4367 1485 4428 γέενναν.

342 4446 443 4510 already
454 4447 576 4510 appeared
586 4447 612 4494 in
622 4447 759 4496 Snrasnn’s
769 4447 826 4496 edit
943 4463 965 4496 c.
979 4445 1019 4496 60.

393 4524 404 4556 ⁸
421 4525 509 4574 Either
525 4525 567 4576 the
583 4527 674 4574 author
685 4533 761 4576 wrote
777 4528 890 4589 Χριστοῦ,
992 4525 1003 4558 ⁷
1019 4527 1071 4575 Aa.
1084 4527 1158 4576 omits
1169 4533 1208 4576 ast.
