3270 5080
492 431 519 484 Α
544 433 669 486 aaran
695 434 966 490 eaouunoara
1233 417 1299 486 273

148 584 245 650 Patre
266 583 437 650 Dominum
458 595 609 667 nostrum,
630 588 705 654 talia
723 597 798 655 sunt
817 596 902 676 apta,
922 589 949 656 si
969 609 1031 675 quo
1050 587 1143 654 modo
1157 587 1300 653 ¹tandem
1335 605 1438 649 unm.

28 697 58 736 ⁰·
68 697 120 744 ³⁸⁷·
147 687 309 774 quiescant
327 711 348 754 a
365 698 455 756 tanta
472 691 750 759 irrationabilitate.
796 694 930 781 Propter
949 693 1009 759 hoc
1026 692 1110 758 enim
1130 699 1163 757 et
1181 691 1299 756 labora·
1339 656 1433 788 61,ῑέξῖ-

146 813 216 856 mus
236 813 300 871 eas,
323 815 394 878 quae
415 801 489 859 sunt
508 817 548 860 ex
569 794 749 882 scripturis,
771 796 918 862 adbibere
939 795 1143 874 ostensiones,
1167 803 1203 859 ut
1224 793 1300 881 ipsis
1324 794 1449 882 {233¹ss-

146 896 341 962 sermonibus
355 897 552 964 contutantes
565 921 628 976 eos,
644 907 795 986 quantum
810 899 843 963 in
857 897 947 965 nobis
961 907 1019 978 est,
1034 899 1234 966 cohibeamus
1245 920 1299 965 eos
1312 917 1462 930 -····

146 1016 167 1060 a
181 998 291 1084 grandi
306 999 508 1088 blasphemia,
528 1008 562 1066 et
575 1023 596 1066 a
609 1001 777 1068 multorum
792 1002 921 1068 deorum
935 1001 1072 1068 dementi
1086 1000 1298 1068 fabricatione.

608 1283 708 1350 uAP.
733 1282 846 1350 LVII.

148 1454 336 1532 Aduersus
361 1482 417 1531 eos
442 1455 508 1558 qui
529 1453 666 1548 dicum,
695 1453 865 1556 quadem
887 1482 913 1531 u
933 1457 1140 1532 summitate
1164 1456 1299 1534 dixisse

216 1575 426 1674 prophetas,
446 1573 615 1674 puuctum
632 1600 715 1650 uero
732 1601 758 1650 u
774 1573 907 1650 muudi
910 1573 1166 1672 fabricatore:
1194 1589 1238 1664 et,

151 1733 468 1823 Quemadmodum
501 1733 547 1809 de
580 1733 712 1809 iisdem
745 1732 839 1833 ipsis
879 1732 988 1809 dietis
1022 1733 1234 1834 discrepant
1272 1761 1299 1810 α

396 1852 604 1952 somatopoeia,
624 1851 787 1952 quirum
803 1878 830 1927 u
853 1851 1051 1928 Valentino.

215 2037 245 2099 l.
289 2035 474 2098 Anvrnsus
496 2055 551 2100 eos
572 2055 679 2099 rursus
700 2035 753 2120 qui
774 2043 848 2100 sunt
870 2055 890 2098 a
911 2034 1090 2114 Valentino,
1111 2043 1144 2101 et
1165 2036 1300 2124 reliquos

147 2137 215 2202 lalsi
232 2138 366 2204 nominis
382 2138 560 2216 Gnosticos,
576 2138 629 2225 qui
645 2137 811 2224 aliquando
826 2137 951 2222 quidem
968 2141 1005 2202 ²a
1020 2139 1201 2204 summitate
1215 2161 1300 2226 quee-

147 2241 219 2306 dam
240 2263 348 2306 eorum
370 2264 440 2327 quea
465 2248 539 2306 sunt
560 2241 593 2304 in
612 2240 781 2326 Scripturis
802 2241 906 2326 posita
927 2241 1012 2306 dicta
1037 2241 1155 2319 dicunt,
1174 2251 1301 2329 propter

146 2365 252 2410 semen
267 2345 350 2432 quod
364 2355 413 2411 est
428 2346 519 2420 inde;
542 2343 708 2431 aliqnando
722 2365 793 2409 vero
808 2365 828 2408 a
846 2343 1014 2409 medietate
1027 2353 1154 2430 propter
1167 2353 1300 2410 matrem

148 2447 317 2514 Prunicam
337 2449 524 2523 ⁸'audacem3
548 2447 647 2512 multa
667 2467 740 2510 vero
760 2467 781 2510 a
802 2445 910 2509 mundi
931 2445 1126 2524 fabricatore,
1145 2467 1166 2511 a
1184 2468 1246 2533 quo
1268 2455 1302 2512 et

147 2549 234 2615 missi
249 2559 322 2615 sunt
336 2551 533 2636 ⁴prophetae:
553 2550 685 2614 dicimus
700 2548 788 2614 valde
802 2547 1012 2613 irrationabile
1026 2571 1105 2628 esse,
1126 2549 1159 2614 in
1176 2557 1300 2614 tantum

148 2653 262 2739 inopiae
282 2655 434 2720 deducere
450 2655 579 2720 Patrem
598 2653 822 2730 universorum,
842 2651 931 2738 quasi
945 2673 1008 2716 non
1023 2652 1166 2717 habuerit
1179 2673 1238 2717 sua
1253 2651 1299 2716 in·

148 2765 332 2834 strumenta,
345 2779 400 2842 per
410 2779 480 2843 quse
492 2779 568 2842 pure
579 2777 696 2843 eaquae
708 2755 826 2820 suntin
838 2755 1016 2819 Pleromate
1030 2755 1298 2822 annuntiarentur.

149 2859 250 2941 Quem
269 2859 353 2924 enim
374 2859 512 2934 timebat,
528 2867 563 2923 nt
584 2880 647 2923 non
665 2858 761 2922 libere
779 2866 812 2921 et
829 2856 898 2920 sine
914 2855 1135 2922 commixtione
1151 2858 1220 2942 ejus
1236 2857 1299 2944 spi-

147 2961 228 3026 ritus
246 2961 300 3047 qui
315 2969 364 3026 est
379 2961 412 3025 in
429 2961 634 3026 diminutione
648 2968 682 3026 et
701 2958 876 3046 ignorantia
894 2957 1006 3036 iactus,
1021 2959 1143 3044 propria
1157 2981 1195 3024 ac
1209 2981 1298 3046 sepa·

147 3063 240 3129 ratim
251 3063 459 3150 ⁶signiticaret
473 3062 664 3128 voluntatem
677 3063 787 3128 suam!
831 3061 886 3125 An
901 3059 1032 3126 timebat
1046 3082 1086 3126 ne
1100 3061 1223 3147 plurimi
1238 3063 1299 3128 sal-

147 3173 303 3246 varentur,
323 3189 395 3232 cum
415 3167 518 3253 plures
537 3189 613 3252 pure
633 3165 794 3231 audissent
807 3186 846 3230 ea
865 3185 936 3250 quse
954 3173 1029 3230 sunt
1046 3165 1206 3231 veritatis!
1243 3169 1298 3232 An

147 3291 254 3335 rursus
268 3270 423 3355 impotens
437 3277 505 3335 erat
519 3269 586 3355 ipse
600 3269 660 3334 sibi
677 3289 852 3356 praeparare
866 3287 921 3332 eos
940 3267 992 3352 qui
1009 3267 1177 3334 adventum
1192 3269 1299 3336 Salva·

147 3373 226 3438 toris
235 3373 493 3439 lannuntiarenti

215 3479 245 3540 2.
278 3475 312 3541 Si
323 3483 428 3541 autem
440 3497 512 3541 cum
522 3475 584 3542 huc
592 3475 731 3542 venisset
741 3475 893 3554 Salvator,
901 3495 976 3540 snos
986 3474 1158 3560 Apostolos
1168 3475 1255 3541 misit
1266 3476 1300 3540 in

149 3578 310 3656 mnndum,
325 3600 401 3664 puro
415 3579 582 3643 adventum
602 3579 671 3665 ejus
687 3577 919 3656 annuntiantes,
937 3585 970 3643 et
985 3578 1177 3644 voluntatem
1193 3578 1300 3644 Patris

149 3681 309 3754 docentes,
330 3681 363 3744 in
380 3679 465 3746 nullo
484 3681 751 3746 communicantes
771 3701 872 3765 nequo
885 3681 1037 3767 gentium,
1054 3702 1155 3767 neque
1170 3679 1194 3743 J
1196 3679 1300 3744 udaeo·

150 3803 219 3848 rum
233 3782 393 3861 doctrinae,
408 3783 507 3848 multo
526 3785 627 3871 magis
645 3785 677 3848 in
697 3782 875 3849 Pleromate
888 3783 1061 3849 lexsistens
1079 3781 1300 3869 praedicatores

199 3990 208 4022 ¹
226 3988 330 4040 mordeor.
370 3989 423 4038 The
445 3989 545 4040 Gonu.
569 4005 631 4055 copy
653 3991 698 4040 bas
797 3989 809 4023 ³
825 3990 951 4040 audacem.
981 3989 1034 4040 'Ibe
1051 3989 1118 4040 word
1132 3989 1202 4040 looks
1218 3991 1268 4042 uss
1284 4009 1300 4043 a

148 4072 297 4134 umanum,
317 4071 344 4120 in
361 4073 505 4132 correction,
522 4072 556 4135 by
571 4072 615 4121 the
631 4087 699 4121 sams
749 4072 816 4136 gloss
827 4073 891 4121 from
902 4072 945 4122 tbe
955 4072 1060 4136 margin,
1072 4073 1098 4121 in
1106 4073 1265 4138 explanation
1274 4077 1304 4125 of

147 4155 223 4216 band,
244 4156 274 4204 of
286 4153 436 4204 tundendam
470 4153 523 4202 'l'he
540 4169 605 4218 copy
618 4154 697 4202 thara·
749 4155 793 4204 the
809 4159 874 4204 term
885 4155 1030 4205 Pmmioma.
1065 4155 1118 4204 The
1136 4155 1236 4207 Cannu.
1249 4159 1300 4208 and

147 4239 201 4288 fora
211 4243 280 4287 must
297 4237 361 4285 have
375 4235 426 4285 bad
436 4236 480 4285 the
491 4235 574 4295 word3
589 4236 636 4285 but
646 4242 699 4285 tora·
749 4235 829 4286 Voss.
838 4236 914 4286 MSS
924 4237 986 4286 omit
994 4237 1023 4286 it.
1044 4237 1096 4287 For
1105 4239 1148 4288 the
1158 4243 1223 4290 term
1234 4240 1299 4290 Pru·

147 4318 202 4368 dem
218 4335 246 4368 as
260 4319 286 4367 in
297 4319 340 4367 the
356 4318 429 4367 other
439 4317 515 4367 MSS.
529 4333 579 4366 was
592 4317 698 4382 perhaps
749 4317 807 4367 aios
818 4333 847 4366 or
857 4317 985 4379 Prummu,
999 4334 1040 4368 ses
1051 4331 1070 4369 1.
1084 4332 1138 4383 225,
1155 4335 1176 4372 1.

148 4402 247 4450 written
258 4400 343 4464 bytho
353 4399 494 4450 translator.
797 4397 809 4430 ⁴
825 4398 871 4448 See
881 4411 899 4448 1.
916 4411 969 4464 193,
984 4413 1040 4461 cor,
1054 4411 1109 4462 237.

196 4481 208 4513 ¹
224 4499 241 4531 a
256 4481 399 4543 commutate,
422 4483 449 4531 tr
469 4481 638 4544 πληρώματος,
659 4481 698 4530 lor
797 4479 809 4511 ⁵
824 4479 1088 4544 An.ripnidcore,and
1095 4484 1296 4545 proeaumiomt.

147 4577 261 4626 compare
275 4562 317 4610 the
331 4560 422 4625 sequel,
439 4561 489 4610 and
504 4577 545 4610 ses
557 4577 583 4626 p.
596 4563 619 4624 8,
633 4574 658 4611 n.
675 4576 694 4612 r.
797 4559 808 4592 ⁶
824 4560 929 4623 metm,
950 4562 1082 4626 corrupted
1100 4563 1155 4612 first
1172 4564 1225 4612 into
1245 4563 1298 4611 mrt-

147 4645 185 4694 cf.
198 4643 257 4704 aleo,
271 4645 357 4693 ἐκτῶν
368 4644 484 4706 ἀνωτέρω,
499 4655 517 4692 1.
529 4641 569 4707 63.
747 4649 803 4705 uara,
817 4643 893 4705 Vm,
905 4643 955 4692 and
966 4645 1026 4693 than
1037 4645 1091 4693 into
1101 4651 1204 4704 mutuos,
1218 4644 1269 4693 Aa.
