<?xml version="1.0" encoding="UTF-8"?>
<!DOCTYPE html PUBLIC "-//W3C//DTD XHTML 1.0 Transitional//EN"
    "http://www.w3.org/TR/xhtml1/DTD/xhtml1-transitional.dtd">
<html xmlns="http://www.w3.org/1999/xhtml" xml:lang="en" lang="en">
 <head>
  <title>
</title>
<meta http-equiv="Content-Type" content="text/html;charset=utf-8" />
  <meta name='ocr-system' content='tesseract 3.04.00' />
  <meta name='ocr-capabilities' content='ocr_page ocr_carea ocr_par ocr_line ocrx_word'/>
</head>
<body>
  <div class='ocr_page' id='page_1' title='image "./sanctiirenaeili00irengoog_0315.png"; bbox 0 0 3276 5086; ppageno 0'>
   <div class='ocr_carea' id='block_1_1' title="bbox 295 385 1187 453">
    <p class='ocr_par' dir='ltr' id='par_1_1' title="bbox 295 385 1187 453">
     <span class='ocr_line' id='line_1_1' title="bbox 295 385 1187 453; baseline 0 -3"><span class='ocrx_word' id='word_1_1' title='bbox 295 385 363 451; x_wconf 81' lang='grc'><strong>304</strong></span> <span class='ocrx_word' id='word_1_2' title='bbox 550 397 645 451; x_wconf 81' lang='lat' dir='ltr'><strong>FILII</strong></span> <span class='ocrx_word' id='word_1_3' title='bbox 669 397 829 452; x_wconf 79' lang='lat' dir='ltr'><strong>DIABOLI</strong></span> <span class='ocrx_word' id='word_1_4' title='bbox 854 397 932 453; x_wconf 83' lang='lat' dir='ltr'><strong>NON</strong></span> <span class='ocrx_word' id='word_1_5' title='bbox 954 397 1187 452; x_wconf 75' lang='lat' dir='ltr'><strong>CONDITIONE</strong></span> 
     </span>
    </p>
   </div>
   <div class='ocr_carea' id='block_1_2' title="bbox 157 555 1454 660">
    <p class='ocr_par' dir='ltr' id='par_1_2' title="bbox 157 555 1454 660">
     <span class='ocr_line' id='line_1_2' title="bbox 157 555 1454 660; baseline -0.002 -33"><span class='ocrx_word' id='word_1_6' title='bbox 157 573 260 660; x_wconf 60' lang='lat' dir='ltr'><strong>ffl-</strong></span> <span class='ocrx_word' id='word_1_7' title='bbox 297 555 359 630; x_wconf 75' lang='lat' dir='ltr'><strong>dvi</strong></span> <span class='ocrx_word' id='word_1_8' title='bbox 377 557 483 642; x_wconf 75' lang='grc' dir='ltr'>μέσον</span> <span class='ocrx_word' id='word_1_9' title='bbox 498 564 562 629; x_wconf 79' lang='grc' dir='ltr'><strong>τοῦ</strong></span> <span class='ocrx_word' id='word_1_10' title='bbox 578 557 774 656; x_wconf 75' lang='grc' dir='ltr'>σπέρματος</span> <span class='ocrx_word' id='word_1_11' title='bbox 791 559 899 641; x_wconf 71' lang='grc' dir='ltr'>αὐτῆς·</span> <span class='ocrx_word' id='word_1_12' title='bbox 929 555 1028 634; x_wconf 76' lang='lat' dir='ltr'><strong>adr-dr</strong></span> <span class='ocrx_word' id='word_1_13' title='bbox 1046 587 1108 628; x_wconf 91' lang='grc' dir='ltr'><strong>σον</strong></span> <span class='ocrx_word' id='word_1_14' title='bbox 1128 560 1264 655; x_wconf 76' lang='grc' dir='ltr'>τηρήσει</span> <span class='ocrx_word' id='word_1_15' title='bbox 1287 555 1454 654; x_wconf 68' lang='grc' dir='ltr'>κεφαλὴν,</span> 
     </span>
    </p>
   </div>
   <div class='ocr_carea' id='block_1_3' title="bbox 164 661 1454 774">
    <p class='ocr_par' dir='ltr' id='par_1_3' title="bbox 164 661 1454 774">
     <span class='ocr_line' id='line_1_3' title="bbox 164 661 1454 774; baseline -0.004 -31"><span class='ocrx_word' id='word_1_16' title='bbox 164 667 259 752; x_wconf 56' lang='lat' dir='ltr'><strong>‘lfivlll</strong></span> <span class='ocrx_word' id='word_1_17' title='bbox 296 669 350 742; x_wconf 74' lang='grc' dir='ltr'><strong>καὶ</strong></span> <span class='ocrx_word' id='word_1_18' title='bbox 380 670 421 742; x_wconf 75' lang='grc' dir='ltr'><strong>σὺ</strong></span> <span class='ocrx_word' id='word_1_19' title='bbox 451 675 601 770; x_wconf 71' lang='grc' dir='ltr'>τηρήσεις</span> <span class='ocrx_word' id='word_1_20' title='bbox 631 671 734 742; x_wconf 76' lang='grc' dir='ltr'>αι’ντοῦ</span> <span class='ocrx_word' id='word_1_21' title='bbox 761 661 927 774; x_wconf 75' lang='grc' dir='ltr'>πτέρναν]</span> <span class='ocrx_word' id='word_1_22' title='bbox 957 671 1012 741; x_wconf 81' lang='grc' dir='ltr'><strong>καὶ</strong></span> <span class='ocrx_word' id='word_1_23' title='bbox 1038 671 1098 754; x_wconf 72' lang='grc' dir='ltr'><strong>τὴν</strong></span> <span class='ocrx_word' id='word_1_24' title='bbox 1125 669 1252 769; x_wconf 79' lang='grc' dir='ltr'>ἔχθραν</span> <span class='ocrx_word' id='word_1_25' title='bbox 1278 670 1404 750; x_wconf 79' lang='grc' dir='ltr'>ταύτην</span> <span class='ocrx_word' id='word_1_26' title='bbox 1433 669 1454 738; x_wconf 83' lang='grc' dir='ltr'>ὁ</span> 
     </span>
    </p>
   </div>
   <div class='ocr_carea' id='block_1_4' title="bbox 144 758 1608 908">
    <p class='ocr_par' dir='ltr' id='par_1_4' title="bbox 144 758 1608 908">
     <span class='ocr_line' id='line_1_4' title="bbox 144 758 1605 883; baseline 0.006 -40"><span class='ocrx_word' id='word_1_27' title='bbox 144 758 272 844; x_wconf 55' lang='lat' dir='ltr'><strong>”Assdaw&#39;</strong></span> <span class='ocrx_word' id='word_1_28' title='bbox 297 783 422 883; x_wconf 79' lang='grc' dir='ltr'>Κύριος</span> <span class='ocrx_word' id='word_1_29' title='bbox 452 785 495 861; x_wconf 80' lang='lat' dir='ltr'><strong>alr</strong></span> <span class='ocrx_word' id='word_1_30' title='bbox 524 781 640 855; x_wconf 76' lang='grc' dir='ltr'>ἑαυτὸν</span> <span class='ocrx_word' id='word_1_31' title='bbox 671 783 997 883; x_wconf 78' lang='grc' dir='ltr'>ἆνεκεφαλαιῶσατο,</span> <span class='ocrx_word' id='word_1_32' title='bbox 1026 781 1062 853; x_wconf 78' lang='grc' dir='ltr'><strong>ἕκ</strong></span> <span class='ocrx_word' id='word_1_33' title='bbox 1095 780 1245 876; x_wconf 77' lang='grc' dir='ltr'>γυναικὸς</span> <span class='ocrx_word' id='word_1_34' title='bbox 1273 782 1455 874; x_wconf 75' lang='grc' dir='ltr'>γενόμενος</span> <span class='ocrx_word' id='word_1_35' title='bbox 1601 845 1605 878; x_wconf 48' lang='lat'><em>2</em></span> 
     </span>
     <span class='ocr_line' id='line_1_5' title="bbox 1607 887 1608 908; baseline 0 0"><span class='ocrx_word' id='word_1_36' title='bbox 1607 887 1608 908; x_wconf 50' lang='grc' dir='ltr'>τ</span> 
     </span>
    </p>
   </div>
   <div class='ocr_carea' id='block_1_5' title="bbox 135 879 286 889">
    <p class='ocr_par' dir='ltr' id='par_1_5' title="bbox 135 879 286 889">
     <span class='ocr_line' id='line_1_6' title="bbox 135 879 286 889; baseline 0.02 -3"><span class='ocrx_word' id='word_1_37' title='bbox 135 879 286 889; x_wconf 83' lang='lat'><em>-———-</em></span> 
     </span>
    </p>
   </div>
   <div class='ocr_carea' id='block_1_6' title="bbox 297 894 1093 997">
    <p class='ocr_par' dir='ltr' id='par_1_6' title="bbox 297 894 1093 997">
     <span class='ocr_line' id='line_1_7' title="bbox 297 894 1093 997; baseline -0.005 -29"><span class='ocrx_word' id='word_1_38' title='bbox 297 895 477 997; x_wconf 74' lang='grc' dir='ltr'>ἅνθρωπος,</span> <span class='ocrx_word' id='word_1_39' title='bbox 495 896 549 968; x_wconf 76' lang='grc' dir='ltr'><strong>καὶ</strong></span> <span class='ocrx_word' id='word_1_40' title='bbox 565 900 721 981; x_wconf 78' lang='grc' dir='ltr'>πατήσας</span> <span class='ocrx_word' id='word_1_41' title='bbox 738 897 839 967; x_wconf 74' lang='grc' dir='ltr'>αὐτοῦ</span> <span class='ocrx_word' id='word_1_42' title='bbox 854 894 915 979; x_wconf 68' lang='grc' dir='ltr'><strong>τὴν</strong></span> <span class='ocrx_word' id='word_1_43' title='bbox 932 898 1093 994; x_wconf 69' lang='grc' dir='ltr'>κεφαλήν.</span> 
     </span>
    </p>
   </div>
   <div class='ocr_carea' id='block_1_7' title="bbox 295 1108 1454 1300">
    <p class='ocr_par' dir='ltr' id='par_1_7' title="bbox 295 1108 1454 1300">
     <span class='ocr_line' id='line_1_8' title="bbox 295 1108 1454 1198; baseline -0.006 -18"><span class='ocrx_word' id='word_1_44' title='bbox 295 1133 393 1180; x_wconf 78' lang='lat' dir='ltr'><strong>remeo</strong></span> <span class='ocrx_word' id='word_1_45' title='bbox 406 1121 492 1178; x_wconf 82' lang='lat' dir='ltr'><strong>tuum</strong></span> <span class='ocrx_word' id='word_1_46' title='bbox 506 1121 534 1179; x_wconf 82' lang='lat' dir='ltr'><strong>at</strong></span> <span class='ocrx_word' id='word_1_47' title='bbox 546 1113 628 1179; x_wconf 78' lang='lat' dir='ltr'><strong>iuter</strong></span> <span class='ocrx_word' id='word_1_48' title='bbox 640 1133 738 1179; x_wconf 78' lang='lat' dir='ltr'><strong>semea</strong></span> <span class='ocrx_word' id='word_1_49' title='bbox 751 1111 898 1178; x_wconf 58' lang='lat' dir='ltr'><strong>mulind.</strong></span> <span class='ocrx_word' id='word_1_50' title='bbox 931 1110 1004 1198; x_wconf 80' lang='lat' dir='ltr'><strong>Ipse</strong></span> <span class='ocrx_word' id='word_1_51' title='bbox 1018 1117 1104 1176; x_wconf 73' lang='lat' dir='ltr'><strong>trum</strong></span> <span class='ocrx_word' id='word_1_52' title='bbox 1118 1108 1247 1175; x_wconf 79' lang='lat' dir='ltr'><strong>colcullt</strong></span> <span class='ocrx_word' id='word_1_53' title='bbox 1259 1117 1402 1195; x_wconf 72' lang='lat' dir='ltr'><strong>caputet</strong></span> <span class='ocrx_word' id='word_1_54' title='bbox 1416 1117 1454 1174; x_wconf 82' lang='lat' dir='ltr'><strong>tu</strong></span> 
     </span>
     <span class='ocr_line' id='line_1_9' title="bbox 295 1209 1453 1300; baseline -0.007 -18"><span class='ocrx_word' id='word_1_55' title='bbox 295 1215 466 1282; x_wconf 66' lang='lat' dir='ltr'><strong>obsculis</strong></span> <span class='ocrx_word' id='word_1_56' title='bbox 493 1215 670 1282; x_wconf 77' lang='lat' dir='ltr'><strong>calcaneum</strong></span> <span class='ocrx_word' id='word_1_57' title='bbox 695 1215 770 1300; x_wconf 66' lang='grc' dir='ltr'>ονἀν.</span> <span class='ocrx_word' id='word_1_58' title='bbox 827 1213 873 1279; x_wconf 85' lang='lat' dir='ltr'><strong>Et</strong></span> <span class='ocrx_word' id='word_1_59' title='bbox 898 1211 1094 1278; x_wconf 73' lang='lat' dir='ltr'><strong>inimicitiam</strong></span> <span class='ocrx_word' id='word_1_60' title='bbox 1122 1212 1204 1278; x_wconf 84' lang='lat' dir='ltr'><strong>hanc</strong></span> <span class='ocrx_word' id='word_1_61' title='bbox 1230 1211 1387 1277; x_wconf 81' lang='lat' dir='ltr'><strong>Dominus</strong></span> <span class='ocrx_word' id='word_1_62' title='bbox 1415 1209 1453 1274; x_wconf 92' lang='lat' dir='ltr'><strong>in</strong></span> 
     </span>
    </p>
   </div>
   <div class='ocr_carea' id='block_1_8' title="bbox 128 1321 1558 2448">
    <p class='ocr_par' dir='ltr' id='par_1_8' title="bbox 128 1321 1558 2448">
     <span class='ocr_line' id='line_1_10' title="bbox 295 1321 1453 1412; baseline -0.005 -19"><span class='ocrx_word' id='word_1_63' title='bbox 295 1327 499 1412; x_wconf 86' lang='lat' dir='ltr'><strong>semetipsum</strong></span> <span class='ocrx_word' id='word_1_64' title='bbox 512 1323 738 1412; x_wconf 71' lang='lat' dir='ltr'><strong>recapitulavit,</strong></span> <span class='ocrx_word' id='word_1_65' title='bbox 753 1323 793 1390; x_wconf 89' lang='lat' dir='ltr'><strong>de</strong></span> <span class='ocrx_word' id='word_1_66' title='bbox 812 1323 940 1388; x_wconf 86' lang='lat' dir='ltr'><strong>muliere</strong></span> <span class='ocrx_word' id='word_1_67' title='bbox 954 1323 1057 1389; x_wconf 83' lang='lat' dir='ltr'><strong>lactus</strong></span> <span class='ocrx_word' id='word_1_68' title='bbox 1075 1321 1180 1402; x_wconf 87' lang='lat' dir='ltr'><strong>homo,</strong></span> <span class='ocrx_word' id='word_1_69' title='bbox 1195 1329 1228 1388; x_wconf 88' lang='lat' dir='ltr'><strong>et</strong></span> <span class='ocrx_word' id='word_1_70' title='bbox 1242 1321 1366 1388; x_wconf 78' lang='lat' dir='ltr'><strong>caleam</strong></span> <span class='ocrx_word' id='word_1_71' title='bbox 1379 1323 1453 1408; x_wconf 89' lang='lat' dir='ltr'><strong>ejus</strong></span> 
     </span>
     <span class='ocr_line' id='line_1_11' title="bbox 295 1424 1451 1514; baseline -0.003 -20"><span class='ocrx_word' id='word_1_72' title='bbox 295 1437 410 1512; x_wconf 78' lang='lat' dir='ltr'><strong>caput3</strong></span> <span class='ocrx_word' id='word_1_73' title='bbox 434 1427 694 1513; x_wconf 70' lang='lat' dir='ltr'><strong>quemadmodum</strong></span> <span class='ocrx_word' id='word_1_74' title='bbox 708 1426 742 1491; x_wconf 91' lang='lat' dir='ltr'><strong>in</strong></span> <span class='ocrx_word' id='word_1_75' title='bbox 758 1447 797 1492; x_wconf 84' lang='lat' dir='ltr'><strong>oo</strong></span> <span class='ocrx_word' id='word_1_76' title='bbox 810 1426 864 1514; x_wconf 91' lang='lat' dir='ltr'><strong>qui</strong></span> <span class='ocrx_word' id='word_1_77' title='bbox 878 1434 953 1492; x_wconf 89' lang='lat' dir='ltr'><strong>ante</strong></span> <span class='ocrx_word' id='word_1_78' title='bbox 970 1424 1054 1491; x_wconf 90' lang='lat' dir='ltr'><strong>hunc</strong></span> <span class='ocrx_word' id='word_1_79' title='bbox 1073 1433 1123 1490; x_wconf 88' lang='lat' dir='ltr'><strong>est</strong></span> <span class='ocrx_word' id='word_1_80' title='bbox 1137 1424 1230 1491; x_wconf 88' lang='lat' dir='ltr'><strong>¹libro</strong></span> <span class='ocrx_word' id='word_1_81' title='bbox 1244 1424 1451 1490; x_wconf 78' lang='lat' dir='ltr'><strong>ostendimus.</strong></span> 
     </span>
     <span class='ocr_line' id='line_1_12' title="bbox 296 1525 1558 1616; baseline -0.003 -22"><span class='ocrx_word' id='word_1_82' title='bbox 296 1529 451 1612; x_wconf 81' lang='lat' dir='ltr'><strong>Quoniam</strong></span> <span class='ocrx_word' id='word_1_83' title='bbox 473 1530 602 1616; x_wconf 89' lang='lat' dir='ltr'><strong>angelos</strong></span> <span class='ocrx_word' id='word_1_84' title='bbox 631 1529 782 1616; x_wconf 87' lang='lat' dir='ltr'><strong>quosdam</strong></span> <span class='ocrx_word' id='word_1_85' title='bbox 807 1529 888 1594; x_wconf 79' lang='lat' dir='ltr'><strong>dixit</strong></span> <span class='ocrx_word' id='word_1_86' title='bbox 918 1527 1042 1608; x_wconf 89' lang='lat' dir='ltr'><strong>diaboli,</strong></span> <span class='ocrx_word' id='word_1_87' title='bbox 1066 1527 1180 1614; x_wconf 88' lang='lat' dir='ltr'><strong>quibus</strong></span> <span class='ocrx_word' id='word_1_88' title='bbox 1203 1534 1340 1593; x_wconf 83' lang='lat' dir='ltr'><strong>aeternus</strong></span> <span class='ocrx_word' id='word_1_89' title='bbox 1365 1525 1452 1614; x_wconf 87' lang='lat' dir='ltr'><strong>ignis</strong></span> <span class='ocrx_word' id='word_1_90' title='bbox 1464 1542 1558 1586; x_wconf 64' lang='lat' dir='ltr'><strong>tam</strong></span> 
     </span>
     <span class='ocr_line' id='line_1_13' title="bbox 132 1631 1450 1720; baseline 0.006 -31"><span class='ocrx_word' id='word_1_91' title='bbox 132 1649 193 1691; x_wconf 75' lang='lat' dir='ltr'><strong>uua</strong></span> <span class='ocrx_word' id='word_1_92' title='bbox 201 1649 281 1692; x_wconf 64' lang='lat' dir='ltr'><strong>suaa</strong></span> <span class='ocrx_word' id='word_1_93' title='bbox 294 1639 488 1720; x_wconf 73' lang='lat' dir='ltr'><strong>praeparatus</strong></span> <span class='ocrx_word' id='word_1_94' title='bbox 506 1639 566 1710; x_wconf 85' lang='lat' dir='ltr'><strong>est,</strong></span> <span class='ocrx_word' id='word_1_95' title='bbox 586 1641 620 1698; x_wconf 89' lang='lat' dir='ltr'><strong>et</strong></span> <span class='ocrx_word' id='word_1_96' title='bbox 637 1653 746 1697; x_wconf 87' lang='lat' dir='ltr'><strong>rursus</strong></span> <span class='ocrx_word' id='word_1_97' title='bbox 771 1631 804 1696; x_wconf 91' lang='lat' dir='ltr'><strong>in</strong></span> <span class='ocrx_word' id='word_1_98' title='bbox 822 1631 949 1698; x_wconf 73' lang='lat' dir='ltr'><strong>zizaniis</strong></span> <span class='ocrx_word' id='word_1_99' title='bbox 968 1631 1024 1711; x_wconf 89' lang='lat' dir='ltr'><strong>ait,</strong></span> <span class='ocrx_word' id='word_1_100' title='bbox 1046 1631 1187 1696; x_wconf 78' lang='lat' dir='ltr'><strong>Zt&#39;zooia</strong></span> <span class='ocrx_word' id='word_1_101' title='bbox 1205 1641 1277 1697; x_wconf 82' lang='lat' dir='ltr'><strong>sunt</strong></span> <span class='ocrx_word' id='word_1_102' title='bbox 1288 1631 1357 1713; x_wconf 82' lang='lat' dir='ltr'><strong>filii</strong></span> <span class='ocrx_word' id='word_1_103' title='bbox 1379 1653 1450 1697; x_wconf 82' lang='lat' dir='ltr'><strong>mc·</strong></span> 
     </span>
     <span class='ocr_line' id='line_1_14' title="bbox 294 1733 1450 1821; baseline -0.001 -21"><span class='ocrx_word' id='word_1_104' title='bbox 294 1734 381 1821; x_wconf 68' lang='lat' dir='ltr'><strong>lipsi,</strong></span> <span class='ocrx_word' id='word_1_105' title='bbox 403 1735 612 1799; x_wconf 84' lang='lat' dir='ltr'><strong>necessarium</strong></span> <span class='ocrx_word' id='word_1_106' title='bbox 633 1742 682 1799; x_wconf 89' lang='lat' dir='ltr'><strong>est</strong></span> <span class='ocrx_word' id='word_1_107' title='bbox 710 1733 824 1814; x_wconf 89' lang='lat' dir='ltr'><strong>dicere,</strong></span> <span class='ocrx_word' id='word_1_108' title='bbox 847 1735 995 1821; x_wconf 90' lang='lat' dir='ltr'><strong>quoniam</strong></span> <span class='ocrx_word' id='word_1_109' title='bbox 1020 1755 1129 1798; x_wconf 90' lang='lat' dir='ltr'><strong>omnes</strong></span> <span class='ocrx_word' id='word_1_110' title='bbox 1151 1733 1205 1819; x_wconf 90' lang='lat' dir='ltr'><strong>qui</strong></span> <span class='ocrx_word' id='word_1_111' title='bbox 1227 1742 1301 1799; x_wconf 90' lang='lat' dir='ltr'><strong>sunt</strong></span> <span class='ocrx_word' id='word_1_112' title='bbox 1321 1733 1450 1800; x_wconf 86' lang='lat' dir='ltr'><strong>absces-</strong></span> 
     </span>
     <span class='ocr_line' id='line_1_15' title="bbox 292 1835 1449 1925; baseline 0 -22"><span class='ocrx_word' id='word_1_113' title='bbox 292 1836 400 1916; x_wconf 87' lang='lat' dir='ltr'><strong>sionis,</strong></span> <span class='ocrx_word' id='word_1_114' title='bbox 422 1836 587 1923; x_wconf 81' lang='lat' dir='ltr'><strong>adscripsit</strong></span> <span class='ocrx_word' id='word_1_115' title='bbox 606 1835 652 1901; x_wconf 91' lang='lat' dir='ltr'><strong>illi</strong></span> <span class='ocrx_word' id='word_1_116' title='bbox 666 1837 719 1925; x_wconf 89' lang='lat' dir='ltr'><strong>qui</strong></span> <span class='ocrx_word' id='word_1_117' title='bbox 738 1837 883 1924; x_wconf 87' lang='lat' dir='ltr'><strong>princeps</strong></span> <span class='ocrx_word' id='word_1_118' title='bbox 902 1845 951 1904; x_wconf 86' lang='lat' dir='ltr'><strong>est</strong></span> <span class='ocrx_word' id='word_1_119' title='bbox 969 1837 1063 1924; x_wconf 89' lang='lat' dir='ltr'><strong>hujus</strong></span> <span class='ocrx_word' id='word_1_120' title='bbox 1081 1835 1348 1924; x_wconf 82' lang='lat' dir='ltr'><strong>transgressionis.</strong></span> <span class='ocrx_word' id='word_1_121' title='bbox 1381 1835 1449 1903; x_wconf 83' lang='lat' dir='ltr'><strong>Sed</strong></span> 
     </span>
     <span class='ocr_line' id='line_1_16' title="bbox 293 1941 1450 2032; baseline -0.002 -23"><span class='ocrx_word' id='word_1_122' title='bbox 293 1966 356 2011; x_wconf 89' lang='lat' dir='ltr'><strong>non</strong></span> <span class='ocrx_word' id='word_1_123' title='bbox 382 1943 434 2010; x_wconf 85' lang='lat' dir='ltr'><strong>ille</strong></span> <span class='ocrx_word' id='word_1_124' title='bbox 462 1943 587 2030; x_wconf 88' lang='lat' dir='ltr'><strong>quidem</strong></span> <span class='ocrx_word' id='word_1_125' title='bbox 609 1953 721 2010; x_wconf 89' lang='lat' dir='ltr'><strong>natura</strong></span> <span class='ocrx_word' id='word_1_126' title='bbox 743 1953 800 2010; x_wconf 89' lang='lat' dir='ltr'><strong>aut</strong></span> <span class='ocrx_word' id='word_1_127' title='bbox 822 1943 950 2032; x_wconf 87' lang='lat' dir='ltr'><strong>angelos</strong></span> <span class='ocrx_word' id='word_1_128' title='bbox 977 1951 1033 2009; x_wconf 90' lang='lat' dir='ltr'><strong>aut</strong></span> <span class='ocrx_word' id='word_1_129' title='bbox 1058 1943 1199 2009; x_wconf 87' lang='lat' dir='ltr'><strong>homines</strong></span> <span class='ocrx_word' id='word_1_130' title='bbox 1220 1941 1305 2010; x_wconf 86' lang='lat' dir='ltr'><strong>lecit.</strong></span> <span class='ocrx_word' id='word_1_131' title='bbox 1358 1941 1450 2008; x_wconf 90' lang='lat' dir='ltr'><strong>Nihil</strong></span> 
     </span>
     <span class='ocr_line' id='line_1_17' title="bbox 292 2045 1449 2132; baseline 0 -21"><span class='ocrx_word' id='word_1_132' title='bbox 292 2045 375 2112; x_wconf 90' lang='lat' dir='ltr'><strong>enim</strong></span> <span class='ocrx_word' id='word_1_133' title='bbox 397 2045 430 2110; x_wconf 88' lang='lat' dir='ltr'><strong>in</strong></span> <span class='ocrx_word' id='word_1_134' title='bbox 454 2054 557 2111; x_wconf 90' lang='lat' dir='ltr'><strong>totum</strong></span> <span class='ocrx_word' id='word_1_135' title='bbox 579 2045 720 2112; x_wconf 85' lang='lat' dir='ltr'><strong>diabolus</strong></span> <span class='ocrx_word' id='word_1_136' title='bbox 742 2045 898 2112; x_wconf 86' lang='lat' dir='ltr'><strong>invenitur</strong></span> <span class='ocrx_word' id='word_1_137' title='bbox 923 2046 1043 2124; x_wconf 80' lang='lat' dir='ltr'><strong>iecisse,</strong></span> <span class='ocrx_word' id='word_1_138' title='bbox 1066 2045 1208 2111; x_wconf 85' lang='lat' dir='ltr'><strong>videlicet</strong></span> <span class='ocrx_word' id='word_1_139' title='bbox 1229 2067 1302 2111; x_wconf 88' lang='lat' dir='ltr'><strong>oum</strong></span> <span class='ocrx_word' id='word_1_140' title='bbox 1322 2053 1355 2110; x_wconf 91' lang='lat' dir='ltr'><strong>et</strong></span> <span class='ocrx_word' id='word_1_141' title='bbox 1378 2045 1449 2132; x_wconf 89' lang='lat' dir='ltr'><strong>ipse</strong></span> 
     </span>
     <span class='ocr_line' id='line_1_18' title="bbox 292 2147 1448 2236; baseline -0.002 -20"><span class='ocrx_word' id='word_1_142' title='bbox 292 2157 434 2216; x_wconf 79' lang='lat' dir='ltr'><strong>creatura</strong></span> <span class='ocrx_word' id='word_1_143' title='bbox 454 2148 496 2214; x_wconf 87' lang='lat' dir='ltr'><strong>sit</strong></span> <span class='ocrx_word' id='word_1_144' title='bbox 518 2147 591 2229; x_wconf 88' lang='lat' dir='ltr'><strong>Dei,</strong></span> <span class='ocrx_word' id='word_1_145' title='bbox 611 2149 872 2235; x_wconf 87' lang='lat' dir='ltr'><strong>quomadmodum</strong></span> <span class='ocrx_word' id='word_1_146' title='bbox 892 2155 925 2214; x_wconf 87' lang='lat' dir='ltr'><strong>et</strong></span> <span class='ocrx_word' id='word_1_147' title='bbox 943 2147 1053 2234; x_wconf 78' lang='lat' dir='ltr'><strong>reliqui</strong></span> <span class='ocrx_word' id='word_1_148' title='bbox 1072 2149 1186 2236; x_wconf 88' lang='lat' dir='ltr'><strong>angeli.</strong></span> <span class='ocrx_word' id='word_1_149' title='bbox 1229 2149 1344 2214; x_wconf 87' lang='lat' dir='ltr'><strong>Omnia</strong></span> <span class='ocrx_word' id='word_1_150' title='bbox 1362 2149 1448 2214; x_wconf 85' lang='lat' dir='ltr'><strong>enirn</strong></span> 
     </span>
     <span class='ocr_line' id='line_1_19' title="bbox 291 2249 1445 2339; baseline 0.001 -23"><span class='ocrx_word' id='word_1_151' title='bbox 291 2251 367 2319; x_wconf 85' lang='lat' dir='ltr'><strong>lecit</strong></span> <span class='ocrx_word' id='word_1_152' title='bbox 382 2251 479 2330; x_wconf 80' lang='lat' dir='ltr'><strong>Deus,</strong></span> <span class='ocrx_word' id='word_1_153' title='bbox 499 2251 759 2339; x_wconf 84' lang='lat' dir='ltr'><strong>quemadmodum</strong></span> <span class='ocrx_word' id='word_1_154' title='bbox 773 2259 806 2317; x_wconf 86' lang='lat' dir='ltr'><strong>et</strong></span> <span class='ocrx_word' id='word_1_155' title='bbox 820 2250 924 2316; x_wconf 85' lang='lat' dir='ltr'><strong>David</strong></span> <span class='ocrx_word' id='word_1_156' title='bbox 943 2251 989 2316; x_wconf 90' lang='lat' dir='ltr'><strong>ait</strong></span> <span class='ocrx_word' id='word_1_157' title='bbox 1007 2249 1064 2317; x_wconf 79' lang='lat' dir='ltr'><strong>’de</strong></span> <span class='ocrx_word' id='word_1_158' title='bbox 1083 2251 1227 2317; x_wconf 90' lang='lat' dir='ltr'><strong>omnibus</strong></span> <span class='ocrx_word' id='word_1_159' title='bbox 1246 2251 1445 2339; x_wconf 86' lang='lat' dir='ltr'><strong>hujusmodi:</strong></span> 
     </span>
     <span class='ocr_line' id='line_1_20' title="bbox 128 2353 1375 2448; baseline -0.002 -27"><span class='ocrx_word' id='word_1_160' title='bbox 128 2357 280 2448; x_wconf 41' lang='lat' dir='ltr'><strong>{3:¹2¹}ss</strong></span> <span class='ocrx_word' id='word_1_161' title='bbox 296 2353 444 2436; x_wconf 72' lang='grc' dir='ltr'>ραααίανν</span> <span class='ocrx_word' id='word_1_162' title='bbox 456 2353 521 2442; x_wconf 68' lang='grc' dir='ltr'><strong>ἅμα</strong></span> <span class='ocrx_word' id='word_1_163' title='bbox 535 2354 627 2435; x_wconf 58' lang='lat' dir='ltr'><strong>droit,</strong></span> <span class='ocrx_word' id='word_1_164' title='bbox 642 2353 768 2440; x_wconf 79' lang='lat' dir='ltr'><strong>etsuctc</strong></span> <span class='ocrx_word' id='word_1_165' title='bbox 782 2361 869 2426; x_wconf 69' lang='lat' dir='ltr'><strong>suot·</strong></span> <span class='ocrx_word' id='word_1_166' title='bbox 886 2353 951 2440; x_wconf 70' lang='grc' dir='ltr'>ν’ρνα</span> <span class='ocrx_word' id='word_1_167' title='bbox 957 2353 1118 2440; x_wconf 58' lang='lat' dir='ltr'><strong>precepit,</strong></span> <span class='ocrx_word' id='word_1_168' title='bbox 1135 2362 1163 2420; x_wconf 79' lang='lat' dir='ltr'><strong>ct</strong></span> <span class='ocrx_word' id='word_1_169' title='bbox 1176 2361 1281 2420; x_wconf 81' lang='lat' dir='ltr'><strong>creatu</strong></span> <span class='ocrx_word' id='word_1_170' title='bbox 1294 2361 1375 2420; x_wconf 80' lang='lat' dir='ltr'><strong>suot.</strong></span> 
     </span>
    </p>
   </div>
   <div class='ocr_carea' id='block_1_9' title="bbox 128 2453 223 2501">
    <p class='ocr_par' dir='ltr' id='par_1_9' title="bbox 128 2453 223 2501">
     <span class='ocr_line' id='line_1_21' title="bbox 128 2453 223 2501; baseline 0 0"><span class='ocrx_word' id='word_1_171' title='bbox 128 2453 147 2491; x_wconf 73' lang='lat'><strong>³·</strong></span> <span class='ocrx_word' id='word_1_172' title='bbox 219 2492 223 2501; x_wconf 96' lang='lat'><strong>.</strong></span> 
     </span>
    </p>
   </div>
   <div class='ocr_carea' id='block_1_10' title="bbox 380 2649 1355 2898">
    <p class='ocr_par' dir='ltr' id='par_1_10' title="bbox 380 2649 1355 2898">
     <span class='ocr_line' id='line_1_22' title="bbox 729 2649 1005 2720; baseline 0.007 -2"><span class='ocrx_word' id='word_1_173' title='bbox 729 2649 829 2719; x_wconf 79' lang='lat' dir='ltr'><strong>OAP.</strong></span> <span class='ocrx_word' id='word_1_174' title='bbox 854 2651 1005 2720; x_wconf 87' lang='lat' dir='ltr'><strong>LXVII.</strong></span> 
     </span>
     <span class='ocr_line' id='line_1_23' title="bbox 380 2793 1355 2898; baseline 0.012 -31"><span class='ocrx_word' id='word_1_175' title='bbox 380 2793 506 2884; x_wconf 78' lang='lat' dir='ltr'><strong>Quare</strong></span> <span class='ocrx_word' id='word_1_176' title='bbox 523 2793 647 2893; x_wconf 66' lang='lat' dir='ltr'><strong>angeli</strong></span> <span class='ocrx_word' id='word_1_177' title='bbox 662 2793 810 2884; x_wconf 78' lang='lat' dir='ltr'><strong>diaboti,</strong></span> <span class='ocrx_word' id='word_1_178' title='bbox 829 2809 862 2872; x_wconf 82' lang='lat' dir='ltr'><strong>et</strong></span> <span class='ocrx_word' id='word_1_179' title='bbox 874 2797 956 2898; x_wconf 78' lang='lat' dir='ltr'><strong>filit</strong></span> <span class='ocrx_word' id='word_1_180' title='bbox 971 2798 1138 2898; x_wconf 80' lang='lat' dir='ltr'><strong>oequitt&#39;ae</strong></span> <span class='ocrx_word' id='word_1_181' title='bbox 1155 2801 1248 2878; x_wconf 81' lang='lat' dir='ltr'><strong>dicti</strong></span> <span class='ocrx_word' id='word_1_182' title='bbox 1264 2815 1355 2879; x_wconf 66' lang='grc' dir='ltr'>σανα.</span> 
     </span>
    </p>
   </div>
   <div class='ocr_carea' id='block_1_11' title="bbox 280 2971 1608 4661">
    <p class='ocr_par' dir='ltr' id='par_1_11' title="bbox 280 2971 1608 4661">
     <span class='ocr_line' id='line_1_24' title="bbox 291 2971 1544 3074; baseline 0.013 -36"><span class='ocrx_word' id='word_1_183' title='bbox 291 2971 371 3038; x_wconf 75' lang='lat' dir='ltr'><strong>Onu</strong></span> <span class='ocrx_word' id='word_1_184' title='bbox 393 2971 490 3060; x_wconf 86' lang='lat' dir='ltr'><strong>igitur</strong></span> <span class='ocrx_word' id='word_1_185' title='bbox 510 2995 531 3039; x_wconf 88' lang='lat' dir='ltr'><strong>a</strong></span> <span class='ocrx_word' id='word_1_186' title='bbox 553 2974 624 3040; x_wconf 87' lang='lat' dir='ltr'><strong>Deo</strong></span> <span class='ocrx_word' id='word_1_187' title='bbox 646 2974 751 3040; x_wconf 87' lang='lat' dir='ltr'><strong>omnia</strong></span> <span class='ocrx_word' id='word_1_188' title='bbox 771 2976 857 3043; x_wconf 85' lang='lat' dir='ltr'><strong>facta</strong></span> <span class='ocrx_word' id='word_1_189' title='bbox 881 2977 955 3059; x_wconf 91' lang='lat' dir='ltr'><strong>sint,</strong></span> <span class='ocrx_word' id='word_1_190' title='bbox 987 2988 1020 3046; x_wconf 88' lang='lat' dir='ltr'><strong>et</strong></span> <span class='ocrx_word' id='word_1_191' title='bbox 1042 2981 1182 3050; x_wconf 89' lang='lat' dir='ltr'><strong>diabolus</strong></span> <span class='ocrx_word' id='word_1_192' title='bbox 1203 2985 1388 3074; x_wconf 80' lang='lat' dir='ltr'><strong>sibimetipsi</strong></span> <span class='ocrx_word' id='word_1_193' title='bbox 1409 2995 1444 3054; x_wconf 89' lang='lat' dir='ltr'><strong>et</strong></span> <span class='ocrx_word' id='word_1_194' title='bbox 1458 3011 1544 3054; x_wconf 66' lang='lat' dir='ltr'><strong>aa</strong></span> 
     </span>
     <span class='ocr_line' id='line_1_25' title="bbox 289 3072 1443 3176; baseline 0.016 -38"><span class='ocrx_word' id='word_1_195' title='bbox 289 3072 416 3158; x_wconf 89' lang='lat' dir='ltr'><strong>reliquis</strong></span> <span class='ocrx_word' id='word_1_196' title='bbox 439 3075 541 3141; x_wconf 84' lang='lat' dir='ltr'><strong>lactus</strong></span> <span class='ocrx_word' id='word_1_197' title='bbox 558 3083 607 3142; x_wconf 84' lang='lat' dir='ltr'><strong>est</strong></span> <span class='ocrx_word' id='word_1_198' title='bbox 626 3077 832 3144; x_wconf 87' lang='lat' dir='ltr'><strong>abscessionis</strong></span> <span class='ocrx_word' id='word_1_199' title='bbox 854 3101 960 3161; x_wconf 90' lang='lat' dir='ltr'><strong>causa,</strong></span> <span class='ocrx_word' id='word_1_200' title='bbox 978 3083 1064 3168; x_wconf 85' lang='lat' dir='ltr'><strong>juste</strong></span> <span class='ocrx_word' id='word_1_201' title='bbox 1082 3084 1243 3171; x_wconf 86' lang='lat' dir='ltr'><strong>Scriptura</strong></span> <span class='ocrx_word' id='word_1_202' title='bbox 1261 3109 1316 3154; x_wconf 86' lang='lat' dir='ltr'><strong>eos</strong></span> <span class='ocrx_word' id='word_1_203' title='bbox 1337 3090 1443 3176; x_wconf 88' lang='lat' dir='ltr'><strong>quiin</strong></span> 
     </span>
     <span class='ocr_line' id='line_1_26' title="bbox 290 3176 1444 3277; baseline 0.016 -36"><span class='ocrx_word' id='word_1_204' title='bbox 290 3176 489 3242; x_wconf 80' lang='lat' dir='ltr'><strong>abscessione</strong></span> <span class='ocrx_word' id='word_1_205' title='bbox 517 3189 726 3263; x_wconf 87' lang='lat' dir='ltr'><strong>perseverant,</strong></span> <span class='ocrx_word' id='word_1_206' title='bbox 748 3203 871 3269; x_wconf 89' lang='lat' dir='ltr'><strong>semper</strong></span> <span class='ocrx_word' id='word_1_207' title='bbox 894 3183 976 3250; x_wconf 88' lang='lat' dir='ltr'><strong>filios</strong></span> <span class='ocrx_word' id='word_1_208' title='bbox 1001 3185 1125 3266; x_wconf 88' lang='lat' dir='ltr'><strong>diaboli,</strong></span> <span class='ocrx_word' id='word_1_209' title='bbox 1149 3196 1183 3253; x_wconf 90' lang='lat' dir='ltr'><strong>et</strong></span> <span class='ocrx_word' id='word_1_210' title='bbox 1205 3189 1333 3277; x_wconf 81' lang='lat' dir='ltr'><strong>angelos</strong></span> <span class='ocrx_word' id='word_1_211' title='bbox 1362 3191 1444 3260; x_wconf 84' lang='lat' dir='ltr'><strong>dixit</strong></span> 
     </span>
     <span class='ocr_line' id='line_1_27' title="bbox 290 3276 1442 3374; baseline 0.017 -34"><span class='ocrx_word' id='word_1_212' title='bbox 290 3276 427 3363; x_wconf 85' lang='lat' dir='ltr'><strong>maligni.</strong></span> <span class='ocrx_word' id='word_1_213' title='bbox 475 3277 576 3346; x_wconf 89' lang='lat' dir='ltr'><strong>Filius</strong></span> <span class='ocrx_word' id='word_1_214' title='bbox 597 3282 691 3362; x_wconf 86' lang='lat' dir='ltr'><strong>enim,</strong></span> <span class='ocrx_word' id='word_1_215' title='bbox 708 3285 968 3368; x_wconf 87' lang='lat' dir='ltr'><strong>quemadmodum</strong></span> <span class='ocrx_word' id='word_1_216' title='bbox 982 3293 1015 3352; x_wconf 89' lang='lat' dir='ltr'><strong>et</strong></span> <span class='ocrx_word' id='word_1_217' title='bbox 1029 3288 1175 3373; x_wconf 81' lang='lat' dir='ltr'><strong>³quidam</strong></span> <span class='ocrx_word' id='word_1_218' title='bbox 1189 3299 1264 3356; x_wconf 90' lang='lat' dir='ltr'><strong>ante</strong></span> <span class='ocrx_word' id='word_1_219' title='bbox 1278 3314 1336 3358; x_wconf 87' lang='lat' dir='ltr'><strong>nos</strong></span> <span class='ocrx_word' id='word_1_220' title='bbox 1350 3295 1442 3374; x_wconf 82' lang='lat' dir='ltr'><strong>dixit,</strong></span> 
     </span>
     <span class='ocr_line' id='line_1_28' title="bbox 290 3378 1445 3484; baseline 0.017 -40"><span class='ocrx_word' id='word_1_221' title='bbox 290 3378 454 3465; x_wconf 88' lang='lat' dir='ltr'><strong>dupliciter</strong></span> <span class='ocrx_word' id='word_1_222' title='bbox 477 3381 676 3471; x_wconf 85' lang='lat' dir='ltr'><strong>intelligitur:</strong></span> <span class='ocrx_word' id='word_1_223' title='bbox 700 3385 780 3451; x_wconf 91' lang='lat' dir='ltr'><strong>alius</strong></span> <span class='ocrx_word' id='word_1_224' title='bbox 797 3387 923 3472; x_wconf 89' lang='lat' dir='ltr'><strong>quidem</strong></span> <span class='ocrx_word' id='word_1_225' title='bbox 941 3389 1112 3456; x_wconf 82' lang='lat' dir='ltr'><strong>secundum</strong></span> <span class='ocrx_word' id='word_1_226' title='bbox 1129 3401 1284 3474; x_wconf 88' lang='lat' dir='ltr'><strong>naturam,</strong></span> <span class='ocrx_word' id='word_1_227' title='bbox 1300 3417 1337 3461; x_wconf 89' lang='lat' dir='ltr'><strong>eo</strong></span> <span class='ocrx_word' id='word_1_228' title='bbox 1359 3399 1445 3484; x_wconf 88' lang='lat' dir='ltr'><strong>quod</strong></span> 
     </span>
     <span class='ocr_line' id='line_1_29' title="bbox 290 3483 1443 3587; baseline 0.017 -40"><span class='ocrx_word' id='word_1_229' title='bbox 290 3492 384 3550; x_wconf 86' lang='lat' dir='ltr'><strong>uatus</strong></span> <span class='ocrx_word' id='word_1_230' title='bbox 397 3483 440 3548; x_wconf 88' lang='lat' dir='ltr'><strong>sit</strong></span> <span class='ocrx_word' id='word_1_231' title='bbox 453 3483 554 3564; x_wconf 87' lang='lat' dir='ltr'><strong>filius;</strong></span> <span class='ocrx_word' id='word_1_232' title='bbox 577 3488 656 3554; x_wconf 91' lang='lat' dir='ltr'><strong>alius</strong></span> <span class='ocrx_word' id='word_1_233' title='bbox 667 3498 773 3555; x_wconf 90' lang='lat' dir='ltr'><strong>autem</strong></span> <span class='ocrx_word' id='word_1_234' title='bbox 787 3492 958 3557; x_wconf 87' lang='lat' dir='ltr'><strong>secundum</strong></span> <span class='ocrx_word' id='word_1_235' title='bbox 971 3493 1004 3557; x_wconf 93' lang='lat' dir='ltr'><strong>id</strong></span> <span class='ocrx_word' id='word_1_236' title='bbox 1018 3495 1102 3579; x_wconf 92' lang='lat' dir='ltr'><strong>quod</strong></span> <span class='ocrx_word' id='word_1_237' title='bbox 1115 3496 1236 3563; x_wconf 82' lang='lat' dir='ltr'><strong>⁴l&#39;actus</strong></span> <span class='ocrx_word' id='word_1_238' title='bbox 1249 3507 1309 3579; x_wconf 89' lang='lat' dir='ltr'><strong>est,</strong></span> <span class='ocrx_word' id='word_1_239' title='bbox 1318 3509 1443 3587; x_wconf 87' lang='lat' dir='ltr'><strong>reputa-</strong></span> 
     </span>
     <span class='ocr_line' id='line_1_30' title="bbox 290 3587 1442 3686; baseline 0.015 -34"><span class='ocrx_word' id='word_1_240' title='bbox 290 3594 341 3652; x_wconf 89' lang='lat' dir='ltr'><strong>tur</strong></span> <span class='ocrx_word' id='word_1_241' title='bbox 355 3587 453 3654; x_wconf 88' lang='lat' dir='ltr'><strong>filius:</strong></span> <span class='ocrx_word' id='word_1_242' title='bbox 476 3588 551 3656; x_wconf 88' lang='lat' dir='ltr'><strong>licet</strong></span> <span class='ocrx_word' id='word_1_243' title='bbox 564 3591 607 3657; x_wconf 89' lang='lat' dir='ltr'><strong>sit</strong></span> <span class='ocrx_word' id='word_1_244' title='bbox 624 3593 797 3660; x_wconf 82' lang='lat' dir='ltr'><strong>differentia</strong></span> <span class='ocrx_word' id='word_1_245' title='bbox 814 3593 896 3660; x_wconf 84' lang='lat' dir='ltr'><strong>inter</strong></span> <span class='ocrx_word' id='word_1_246' title='bbox 915 3600 1042 3660; x_wconf 70' lang='lat' dir='ltr'><strong>‘natum</strong></span> <span class='ocrx_word' id='word_1_247' title='bbox 1062 3605 1095 3662; x_wconf 91' lang='lat' dir='ltr'><strong>et</strong></span> <span class='ocrx_word' id='word_1_248' title='bbox 1112 3599 1241 3668; x_wconf 85' lang='lat' dir='ltr'><strong>lactum.</strong></span> <span class='ocrx_word' id='word_1_249' title='bbox 1286 3602 1442 3686; x_wconf 74' lang='lat' dir='ltr'><strong>Quoniam</strong></span> 
     </span>
     <span class='ocr_line' id='line_1_31' title="bbox 289 3689 1443 3785; baseline 0.016 -31"><span class='ocrx_word' id='word_1_250' title='bbox 289 3689 341 3756; x_wconf 90' lang='lat' dir='ltr'><strong>ille</strong></span> <span class='ocrx_word' id='word_1_251' title='bbox 362 3691 487 3776; x_wconf 89' lang='lat' dir='ltr'><strong>quidem</strong></span> <span class='ocrx_word' id='word_1_252' title='bbox 509 3714 549 3758; x_wconf 87' lang='lat' dir='ltr'><strong>ex</strong></span> <span class='ocrx_word' id='word_1_253' title='bbox 570 3715 608 3760; x_wconf 92' lang='lat' dir='ltr'><strong>eo</strong></span> <span class='ocrx_word' id='word_1_254' title='bbox 630 3704 724 3760; x_wconf 88' lang='lat' dir='ltr'><strong>natus</strong></span> <span class='ocrx_word' id='word_1_255' title='bbox 745 3705 804 3776; x_wconf 86' lang='lat' dir='ltr'><strong>est,</strong></span> <span class='ocrx_word' id='word_1_256' title='bbox 827 3697 878 3762; x_wconf 84' lang='lat' dir='ltr'><strong>ille</strong></span> <span class='ocrx_word' id='word_1_257' title='bbox 899 3706 1005 3763; x_wconf 91' lang='lat' dir='ltr'><strong>autem</strong></span> <span class='ocrx_word' id='word_1_258' title='bbox 1025 3700 1067 3764; x_wconf 85' lang='lat' dir='ltr'><strong>ab</strong></span> <span class='ocrx_word' id='word_1_259' title='bbox 1086 3699 1155 3785; x_wconf 90' lang='lat' dir='ltr'><strong>ipso</strong></span> <span class='ocrx_word' id='word_1_260' title='bbox 1174 3703 1277 3768; x_wconf 84' lang='lat' dir='ltr'><strong>factus</strong></span> <span class='ocrx_word' id='word_1_261' title='bbox 1298 3705 1443 3782; x_wconf 71' lang='lat' dir='ltr'><strong>estsine</strong></span> 
     </span>
     <span class='ocr_line' id='line_1_32' title="bbox 289 3792 1442 3891; baseline 0.015 -35"><span class='ocrx_word' id='word_1_262' title='bbox 289 3792 461 3857; x_wconf 88' lang='lat' dir='ltr'><strong>secundum</strong></span> <span class='ocrx_word' id='word_1_263' title='bbox 490 3795 709 3875; x_wconf 86' lang='lat' dir='ltr'><strong>conditionem,</strong></span> <span class='ocrx_word' id='word_1_264' title='bbox 739 3797 804 3863; x_wconf 85' lang='lat' dir='ltr'><strong>sive</strong></span> <span class='ocrx_word' id='word_1_265' title='bbox 832 3799 1004 3864; x_wconf 84' lang='lat' dir='ltr'><strong>secundnm</strong></span> <span class='ocrx_word' id='word_1_266' title='bbox 1029 3801 1179 3867; x_wconf 83' lang='lat' dir='ltr'><strong>doctrinae</strong></span> <span class='ocrx_word' id='word_1_267' title='bbox 1215 3805 1442 3891; x_wconf 87' lang='lat' dir='ltr'><strong>magisterium.</strong></span> 
     </span>
     <span class='ocr_line' id='line_1_33' title="bbox 290 3893 1442 3987; baseline 0.016 -30"><span class='ocrx_word' id='word_1_268' title='bbox 290 3893 352 3976; x_wconf 73' lang='lat' dir='ltr'><strong>Qui</strong></span> <span class='ocrx_word' id='word_1_269' title='bbox 371 3895 454 3960; x_wconf 88' lang='lat' dir='ltr'><strong>enim</strong></span> <span class='ocrx_word' id='word_1_270' title='bbox 471 3897 512 3961; x_wconf 89' lang='lat' dir='ltr'><strong>ab</strong></span> <span class='ocrx_word' id='word_1_271' title='bbox 533 3896 637 3983; x_wconf 89' lang='lat' dir='ltr'><strong>aliquo</strong></span> <span class='ocrx_word' id='word_1_272' title='bbox 650 3899 797 3965; x_wconf 66' lang='lat' dir='ltr'><strong>“edoctus</strong></span> <span class='ocrx_word' id='word_1_273' title='bbox 811 3909 859 3966; x_wconf 87' lang='lat' dir='ltr'><strong>est</strong></span> <span class='ocrx_word' id='word_1_274' title='bbox 874 3902 977 3982; x_wconf 90' lang='lat' dir='ltr'><strong>verbo,</strong></span> <span class='ocrx_word' id='word_1_275' title='bbox 999 3901 1082 3968; x_wconf 86' lang='lat' dir='ltr'><strong>filius</strong></span> <span class='ocrx_word' id='word_1_276' title='bbox 1104 3903 1245 3972; x_wconf 91' lang='lat' dir='ltr'><strong>docentis</strong></span> <span class='ocrx_word' id='word_1_277' title='bbox 1262 3907 1386 3987; x_wconf 87' lang='lat' dir='ltr'><strong>dicitur,</strong></span> <span class='ocrx_word' id='word_1_278' title='bbox 1407 3917 1442 3976; x_wconf 90' lang='lat' dir='ltr'><strong>et</strong></span> 
     </span>
     <span class='ocr_line' id='line_1_34' title="bbox 285 3997 1441 4093; baseline 0.013 -31"><span class='ocrx_word' id='word_1_279' title='bbox 285 3997 339 4064; x_wconf 89' lang='lat' dir='ltr'><strong>ille</strong></span> <span class='ocrx_word' id='word_1_280' title='bbox 361 3999 429 4084; x_wconf 85' lang='lat' dir='ltr'><strong>ejus</strong></span> <span class='ocrx_word' id='word_1_281' title='bbox 449 4007 550 4088; x_wconf 89' lang='lat' dir='ltr'><strong>pater.</strong></span> <span class='ocrx_word' id='word_1_282' title='bbox 594 3999 774 4068; x_wconf 86' lang='lat' dir='ltr'><strong>Secundum</strong></span> <span class='ocrx_word' id='word_1_283' title='bbox 796 4002 893 4091; x_wconf 88' lang='lat' dir='ltr'><strong>igitur</strong></span> <span class='ocrx_word' id='word_1_284' title='bbox 914 4013 1069 4085; x_wconf 87' lang='lat' dir='ltr'><strong>naturam,</strong></span> <span class='ocrx_word' id='word_1_285' title='bbox 1096 4029 1166 4093; x_wconf 82' lang='lat' dir='ltr'><strong>quae</strong></span> <span class='ocrx_word' id='word_1_286' title='bbox 1191 4017 1241 4075; x_wconf 90' lang='lat' dir='ltr'><strong>est</strong></span> <span class='ocrx_word' id='word_1_287' title='bbox 1268 4011 1441 4077; x_wconf 87' lang='lat' dir='ltr'><strong>secundum</strong></span> 
     </span>
     <span class='ocr_line' id='line_1_35' title="bbox 288 4101 1608 4254; baseline 0.012 -88"><span class='ocrx_word' id='word_1_288' title='bbox 288 4101 509 4182; x_wconf 85' lang='lat' dir='ltr'><strong>conditionem,</strong></span> <span class='ocrx_word' id='word_1_289' title='bbox 530 4109 567 4169; x_wconf 88' lang='lat' dir='ltr'><strong>ut</strong></span> <span class='ocrx_word' id='word_1_290' title='bbox 586 4103 632 4170; x_wconf 86' lang='lat' dir='ltr'><strong>ita</strong></span> <span class='ocrx_word' id='word_1_291' title='bbox 653 4104 765 4186; x_wconf 87' lang='lat' dir='ltr'><strong>dicam,</strong></span> <span class='ocrx_word' id='word_1_292' title='bbox 789 4127 898 4173; x_wconf 88' lang='lat' dir='ltr'><strong>omnes</strong></span> <span class='ocrx_word' id='word_1_293' title='bbox 916 4107 972 4172; x_wconf 88' lang='lat' dir='ltr'><strong>lilii</strong></span> <span class='ocrx_word' id='word_1_294' title='bbox 992 4109 1054 4174; x_wconf 88' lang='lat' dir='ltr'><strong>Dei</strong></span> <span class='ocrx_word' id='word_1_295' title='bbox 1071 4131 1191 4192; x_wconf 87' lang='lat' dir='ltr'><strong>sumus,</strong></span> <span class='ocrx_word' id='word_1_296' title='bbox 1207 4119 1334 4199; x_wconf 87' lang='lat' dir='ltr'><strong>propter</strong></span> <span class='ocrx_word' id='word_1_297' title='bbox 1356 4115 1441 4200; x_wconf 90' lang='lat' dir='ltr'><strong>quod</strong></span> <span class='ocrx_word' id='word_1_298' title='bbox 1607 4165 1608 4254; x_wconf 46' lang='lat' dir='ltr'><strong>p</strong></span> 
     </span>
     <span class='ocr_line' id='line_1_36' title="bbox 334 4261 1439 4339; baseline 0.016 -28"><span class='ocrx_word' id='word_1_299' title='bbox 334 4261 413 4314; x_wconf 79' lang='lat' dir='ltr'><strong>¹Au.</strong></span> <span class='ocrx_word' id='word_1_300' title='bbox 426 4263 495 4316; x_wconf 78' lang='lat' dir='ltr'><strong>liber.</strong></span> <span class='ocrx_word' id='word_1_301' title='bbox 888 4271 977 4333; x_wconf 70' lang='lat' dir='ltr'><strong>Sucro,</strong></span> <span class='ocrx_word' id='word_1_302' title='bbox 988 4271 1059 4320; x_wconf 82' lang='lat' dir='ltr'><strong>Tom.</strong></span> <span class='ocrx_word' id='word_1_303' title='bbox 1070 4283 1088 4322; x_wconf 86' lang='lat'><strong>1.</strong></span> <span class='ocrx_word' id='word_1_304' title='bbox 1113 4273 1439 4339; x_wconf 70' lang='lat' dir='ltr'><strong>compammorraasos,</strong></span> 
     </span>
     <span class='ocr_line' id='line_1_37' title="bbox 335 4343 1219 4420; baseline 0.016 -28"><span class='ocrx_word' id='word_1_305' title='bbox 335 4343 348 4375; x_wconf 80' lang='lat'><strong>¹</strong></span> <span class='ocrx_word' id='word_1_306' title='bbox 363 4344 414 4394; x_wconf 74' lang='lat' dir='ltr'><strong>do.</strong></span> <span class='ocrx_word' id='word_1_307' title='bbox 423 4345 447 4394; x_wconf 76' lang='lat' dir='ltr'><strong>b.</strong></span> <span class='ocrx_word' id='word_1_308' title='bbox 460 4347 521 4408; x_wconf 71' lang='lat' dir='ltr'><strong>Am,</strong></span> <span class='ocrx_word' id='word_1_309' title='bbox 530 4347 576 4397; x_wconf 94' lang='lat' dir='ltr'><strong>but</strong></span> <span class='ocrx_word' id='word_1_310' title='bbox 587 4349 691 4400; x_wconf 83' lang='lat' dir='ltr'><strong>omitted</strong></span> <span class='ocrx_word' id='word_1_311' title='bbox 699 4350 833 4413; x_wconf 53' lang='lat' dir='ltr'><strong>(laffoce.</strong></span> <span class='ocrx_word' id='word_1_312' title='bbox 894 4353 968 4404; x_wconf 70' lang='lat' dir='ltr'><strong>Vina.</strong></span> <span class='ocrx_word' id='word_1_313' title='bbox 981 4353 1038 4417; x_wconf 76' lang='lat' dir='ltr'><strong>Ipn.</strong></span> <span class='ocrx_word' id='word_1_314' title='bbox 1052 4366 1071 4404; x_wconf 92' lang='lat'><strong>1.</strong></span> <span class='ocrx_word' id='word_1_315' title='bbox 1085 4371 1109 4414; x_wconf 86' lang='lat'><strong>4,</strong></span> <span class='ocrx_word' id='word_1_316' title='bbox 1122 4371 1148 4420; x_wconf 91' lang='lat' dir='ltr'><strong>p.</strong></span> <span class='ocrx_word' id='word_1_317' title='bbox 1162 4367 1219 4420; x_wconf 74' lang='lat'><strong>297.</strong></span> 
     </span>
     <span class='ocr_line' id='line_1_38' title="bbox 335 4421 1133 4498; baseline 0.018 -26"><span class='ocrx_word' id='word_1_318' title='bbox 335 4421 466 4487; x_wconf 71' lang='lat' dir='ltr'><strong>&#39;quidum</strong></span> <span class='ocrx_word' id='word_1_319' title='bbox 480 4434 535 4476; x_wconf 75' lang='lat' dir='ltr'><strong>anta</strong></span> <span class='ocrx_word' id='word_1_320' title='bbox 552 4444 603 4491; x_wconf 78' lang='lat' dir='ltr'><strong>noa,</strong></span> <span class='ocrx_word' id='word_1_321' title='bbox 622 4431 665 4481; x_wconf 87' lang='lat' dir='ltr'><strong>tbe</strong></span> <span class='ocrx_word' id='word_1_322' title='bbox 682 4432 764 4482; x_wconf 79' lang='lat' dir='ltr'><strong>words</strong></span> <span class='ocrx_word' id='word_1_323' title='bbox 781 4429 836 4498; x_wconf 87' lang='lat' dir='ltr'><strong>p&#39;oa·</strong></span> <span class='ocrx_word' id='word_1_324' title='bbox 936 4434 948 4467; x_wconf 84' lang='lat'><strong>⁴</strong></span> <span class='ocrx_word' id='word_1_325' title='bbox 962 4436 1015 4484; x_wconf 75' lang='lat' dir='ltr'><strong>Aa.</strong></span> <span class='ocrx_word' id='word_1_326' title='bbox 1027 4434 1133 4498; x_wconf 80' lang='lat' dir='ltr'><strong>suctum.</strong></span> 
     </span>
     <span class='ocr_line' id='line_1_39' title="bbox 280 4503 1299 4580; baseline 0.017 -28"><span class='ocrx_word' id='word_1_327' title='bbox 280 4503 350 4568; x_wconf 72' lang='lat' dir='ltr'><strong>¹sibly</strong></span> <span class='ocrx_word' id='word_1_328' title='bbox 366 4506 395 4554; x_wconf 82' lang='lat' dir='ltr'><strong>ol</strong></span> <span class='ocrx_word' id='word_1_329' title='bbox 414 4506 559 4570; x_wconf 69' lang='lat' dir='ltr'><strong>sommus</strong></span> <span class='ocrx_word' id='word_1_330' title='bbox 579 4527 620 4560; x_wconf 83' lang='lat' dir='ltr'><strong>scs</strong></span> <span class='ocrx_word' id='word_1_331' title='bbox 636 4511 686 4562; x_wconf 86' lang='lat' dir='ltr'><strong>IV.</strong></span> <span class='ocrx_word' id='word_1_332' title='bbox 701 4525 762 4564; x_wconf 72' lang='lat' dir='ltr'><strong>xm.</strong></span> <span class='ocrx_word' id='word_1_333' title='bbox 785 4515 836 4563; x_wconf 86' lang='lat' dir='ltr'><strong>and</strong></span> <span class='ocrx_word' id='word_1_334' title='bbox 935 4516 1106 4579; x_wconf 71' lang='grc' dir='ltr'>’γεννώμενον</span> <span class='ocrx_word' id='word_1_335' title='bbox 1114 4519 1155 4566; x_wconf 72' lang='grc' dir='ltr'><strong>καὶ</strong></span> <span class='ocrx_word' id='word_1_336' title='bbox 1165 4518 1299 4580; x_wconf 75' lang='grc' dir='ltr'>γενόμενον.</span> 
     </span>
     <span class='ocr_line' id='line_1_40' title="bbox 285 4583 1257 4661; baseline 0.019 -29"><span class='ocrx_word' id='word_1_337' title='bbox 285 4583 384 4650; x_wconf 77' lang='lat' dir='ltr'><strong>printed</strong></span> <span class='ocrx_word' id='word_1_338' title='bbox 400 4585 435 4650; x_wconf 74' lang='lat' dir='ltr'><strong>by</strong></span> <span class='ocrx_word' id='word_1_339' title='bbox 451 4587 491 4636; x_wconf 84' lang='lat' dir='ltr'><strong>Dr</strong></span> <span class='ocrx_word' id='word_1_340' title='bbox 506 4587 602 4640; x_wconf 82' lang='lat' dir='ltr'><strong>Rours</strong></span> <span class='ocrx_word' id='word_1_341' title='bbox 617 4593 644 4640; x_wconf 87' lang='lat' dir='ltr'><strong>iu</strong></span> <span class='ocrx_word' id='word_1_342' title='bbox 661 4593 700 4643; x_wconf 87' lang='lat' dir='ltr'><strong>hia</strong></span> <span class='ocrx_word' id='word_1_343' title='bbox 716 4593 836 4660; x_wconf 65' lang='lat' dir='ltr'><strong>sciprio</strong></span> <span class='ocrx_word' id='word_1_344' title='bbox 934 4597 1024 4661; x_wconf 71' lang='lat' dir='ltr'><strong>‘As.,</strong></span> <span class='ocrx_word' id='word_1_345' title='bbox 1037 4597 1125 4649; x_wconf 72' lang='lat' dir='ltr'><strong>Meae.</strong></span> <span class='ocrx_word' id='word_1_346' title='bbox 1137 4609 1155 4648; x_wconf 92' lang='lat'><strong>1.</strong></span> <span class='ocrx_word' id='word_1_347' title='bbox 1168 4597 1257 4650; x_wconf 70' lang='grc' dir='ltr'>ασανε.</span> 
     </span>
    </p>
   </div>
   <div class='ocr_carea' id='block_1_12' title="bbox 0 0 1642 5086">
    <p class='ocr_par' dir='ltr' id='par_1_12' title="bbox 0 0 1642 5086">
     <span class='ocr_line' id='line_1_41' title="bbox 0 0 1642 5086; baseline 0 4"><span class='ocrx_word' id='word_1_348' title='bbox 0 0 1642 5086; x_wconf 95' lang='lat' dir='ltr'><strong> </strong></span> 
     </span>
    </p>
   </div>
  </div>
 </body>
</html>
