3270 5080
465 429 517 484 as
543 431 676 484 nouum
702 430 827 484 Pauus
851 432 1023 486 annona,
1254 415 1321 480 255

229 583 260 645 2.
296 579 330 645 Si
350 589 457 646 autem
477 581 585 648 credat
608 581 679 668 quis
700 603 798 646 unum
819 582 934 662 Deum,
957 591 990 649 et
1012 582 1065 668 qui
1090 581 1196 648 Verbo
1218 579 1324 646 omnia
1365 599 1420 640 ιιΒ
1427 599 1467 684 ry.

162 681 248 761 iecit,
275 685 536 850 quemadmodum
559 689 609 750 ¹et
637 685 747 750 Moses
770 686 835 751 ait:
874 687 969 752 Dicit
990 690 1087 766 Daue,
1108 685 1214 768 finti
1213 707 1264 761 uo,
1296 693 1324 748 ot
1347 647 1482 779 ῗῇὲζῑψ

154 784 248 868 scoto
271 786 344 850 ostl
343 809 407 859 un:
435 797 467 851 et
489 788 522 851 in
544 787 716 875 Evangelio
736 787 887 875 legimus:
914 789 1025 853 Omnia
1038 811 1101 874 por
1120 789 1218 876 ipsum
1229 787 1323 870 facta
1366 795 1410 824 ΧΧΧ
1397 785 1460 824 ¹¹¹¹·

164 897 243 966 aaut,
257 897 285 952 et
302 891 366 953 sina
381 891 445 975 ipso
455 893 582 974 scotum
602 901 645 955 est
632 891 764 965 rnilit-
787 901 820 955 et
834 892 1007 977 Apostolus
1024 891 1142 956 Paulus
1162 889 1321 958 similiter·
1314 897 1388 981 Q
1395 895 1439 982 ,Χξ

53 1001 90 1042 Μ
100 1003 145 1048 27⁰
175 991 260 1057 Unus
277 994 436 1072 Dominus,
458 1017 521 1058 ΒΒΒΒΒ
533 995 624 1076 fidas,
644 1017 738 1060 uonna
760 993 918 1082 baptisma,
941 1018 1019 1060 ΒΒΒΒΒ
1039 995 1125 1059 Dens
1144 1004 1173 1059 et
1198 994 1349 1074 Potest„
1338 989 1476 1039 ¹⁹¹ffi¹¹⁵

167 1096 220 1179 qui
231 1106 272 1161 eat
281 1119 372 1182 anper
386 1119 484 1162 omnes
497 1101 608 1183 ³etper
618 1099 730 1176 omnio,
742 1109 770 1163 at
784 1099 819 1163 in
833 1097 966 1163 omnibus
975 1097 1074 1172 ΒΒΜΒ,·
1091 1097 1142 1162 hic
1153 1097 1252 1184 primo
1263 1095 1323 1159 erit

165 1207 264 1264 insece
285 1209 386 1285 copul,
408 1223 444 1266 ec
464 1223 521 1288 qno
547 1210 639 1286 totum
661 1222 768 1288 corpus
785 1210 968 1287 anapestum
986 1211 1014 1266 et
1034 1222 1197 1266 ΒΒΒΒΒΒΒΒΒΒΒ
1219 1208 1246 1264 et
1262 1220 1323 1284 per
1338 1209 1490 1298 {pffilffld

164 1304 462 1388 omucmjunctnrons
473 1303 760 1370 subministrationis
770 1307 803 1370 in
815 1327 956 1370 mansuro
967 1305 1320 1392 maiusoujusqucpartis,

164 1405 378 1470 incrassatum
394 1409 530 1494 corporis
537 1409 635 1493 sarit,
651 1410 685 1472 in
700 1409 929 1492 aedificationem
942 1411 992 1474 eni
1007 1411 1042 1474 in
1062 1411 1201 1474 comiato.
1242 1407 1323 1472 Post

164 1508 277 1575 deinde
302 1519 335 1576 et
358 1513 459 1578 omnis
487 1536 590 1579 sermo
616 1513 645 1579 ei
667 1515 832 1595 constabit,
855 1515 936 1580 siet
959 1514 1135 1601 Scripturas
1157 1513 1322 1600 diligenter

164 1611 275 1699 legerit
295 1614 378 1700 apud
399 1638 453 1680 eos
474 1617 527 1704 qui
550 1618 583 1682 iu
607 1617 751 1684 Ecclesia
769 1626 842 1684 sunt
865 1619 1047 1706 presbyteri,
1070 1617 1154 1704 apud
1173 1638 1252 1704 quos
1272 1625 1322 1682 est

165 1717 350 1802 Apostolica
372 1719 523 1800 doctriua,
551 1722 811 1808 quemadmodum
835 1721 1124 1787 demonstravimus
1173 1718 1320 1806 Apostoli

164 1819 380 1887 enimomnes
404 1823 466 1889 duo
490 1824 616 1912 quidem
640 1825 843 1892 Testamenta
869 1827 902 1890 in
925 1825 1046 1890 duobus
1070 1824 1194 1912 populis
1225 1824 1323 1890 luisse

164 1927 354 1994 docuerrmt:
382 1951 480 1994 unum
499 1939 605 1996 autem
628 1939 662 1996 et
682 1931 815 1997 eundem
834 1953 904 1996 esse
924 1930 1039 2009 Deum,
1061 1929 1114 2016 qui
1135 1927 1322 2016 disposuerit
1363 2007 1368 2015 Ι

165 2039 296 2118 utraque
315 2032 356 2098 ad
373 2033 541 2100 utilitatem
559 2035 731 2114 hominum,
747 2035 918 2100 secundum
932 2033 1033 2121 ⁴quod
1049 2033 1252 2098 Testamenta
1266 2032 1321 2096 da-

163 2132 286 2214 bantur,
313 2133 367 2222 qui
392 2137 583 2223 incipiebant
612 2138 736 2202 credere
766 2137 847 2216 Deo,
876 2159 918 2202 ex
946 2137 1015 2224 ipsa
1043 2135 1322 2201 demonstravimus

165 2237 388 2322 Apostolorum
403 2239 546 2304 doctrina
565 2240 598 2304 in
617 2240 711 2306 tertio
725 2239 821 2305 libro:
846 2247 879 2304 et
893 2240 1040 2325 quoniam
1054 2261 1117 2304 non
1132 2240 1241 2316 otiose,
1262 2259 1321 2303 nec

165 2339 290 2420 frustra,
305 2347 378 2406 laut
393 2349 428 2406 ut
444 2343 580 2422 obvenit,
595 2343 704 2407 datum
724 2351 773 2407 est
794 2341 880 2428 prius
901 2341 1158 2416 Testamentum
1181 2341 1238 2406 sed
1252 2339 1321 2404 illos

165 2442 290 2529 quidem
310 2443 423 2530 quibus
442 2444 585 2523 dabatur,
608 2444 641 2508 in
662 2444 844 2508 servitutem
864 2443 926 2508 Dei
949 2446 1156 2508 8concurrens
1176 2443 1218 2507 ad
1239 2441 1322 2507 utili-

164 2551 265 2609 tatem
285 2567 403 2624 eorum,
425 2567 488 2610 non
510 2547 593 2610 enim
616 2546 736 2632 indiget
756 2545 845 2610 Deus
869 2546 910 2610 ab
929 2545 1106 2610 hominihus
1129 2544 1321 2624 servitutem,

165 2655 274 2734 typum
289 2657 395 2712 autem
406 2647 579 2714 coelestium
590 2649 767 2728 ostendeus,
783 2631 929 2736 quoniam
941 2649 1080 2714 nondum
1094 2655 1218 2734 poterat
1228 2648 1322 2714 homo

166 2771 222 2834 per
246 2751 404 2836 proprium
426 2751 527 2817 visum
548 2752 652 2817 videre
677 2773 747 2839 quae
773 2759 848 2816 sunt
872 2751 953 2816 Dei:
986 2759 1019 2816 et
1040 2750 1193 2838 imagines
1214 2771 1323 2816 eorum

167 2873 236 2940 quse
251 2855 372 2918 suntin
390 2853 533 2920 Ecclesia
547 2855 759 2942 praefigurans,
780 2863 815 2919 ut
833 2853 923 2918 firma
942 2875 1064 2940 eaquae
1078 2853 1249 2920 secundum
1263 2875 1323 2920 nos

166 2965 215 3024 est
243 2957 300 3023 fiat
328 2957 415 3037 fides,
447 2965 480 3024 et
508 2958 702 3044 prophetiam
726 2959 901 3024 futurorum
924 2957 1099 3036 continens,
1123 2965 1160 3024 ut
1184 2956 1320 3024 disceret

166 3060 259 3126 homo
273 3061 439 3148 praescium
453 3082 522 3126 esse
536 3061 676 3126 omnium
691 3061 806 3128 Deum.

166 3241 220 3290 tion
238 3241 267 3289 of
287 3239 358 3306 puori
374 3241 457 3290 belore
476 3255 567 3290 casum.
603 3239 656 3290 But
672 3241 722 3290 this
767 3241 820 3290 The
842 3241 920 3290 entire
942 3256 1046 3305 passage
1063 3237 1146 3288 would
1168 3237 1228 3287 read
1244 3237 1282 3287 off
1294 3238 1321 3286 in

167 3321 236 3370 word
260 3323 376 3386 together
404 3323 465 3371 with
489 3337 573 3372 aarum
602 3322 722 3371 indicates
769 3322 859 3384 Greek,
879 3324 921 3372 ἕνα
937 3325 964 3372 δὲ
980 3323 1020 3372 καὶ
1036 3323 1078 3370 τὸν
1092 3321 1163 3369 ctrtr
1178 3321 1236 3368 eber
1253 3321 1320 3381 Oeta,

168 3419 281 3466 pansum
289 3421 300 3459 ,·
311 3403 361 3452 and
371 3404 394 3452 if
401 3419 439 3452 we
450 3403 529 3453 admit
540 3404 590 3454 this
599 3405 620 3454 it
630 3404 681 3454 will
691 3405 722 3454 be
768 3406 810 3454 τὸν
823 3406 960 3454 διατιθέντα
972 3406 1016 3454 τὰς
1030 3404 1168 3465 ἀμφοτέρας
1183 3404 1214 3451 εἰς
1229 3403 1258 3450 τὸ
1273 3403 1322 3449 τῶν

167 3485 272 3534 difficolt
282 3490 310 3534 to
325 3487 409 3550 assign
425 3502 441 3535 a
452 3502 539 3560 reasop
551 3487 591 3535 for
601 3486 723 3552 rejecting
769 3487 899 3550 ἀνθρώπων
914 3488 1042 3550 ὠφέλιμον,
1061 3485 1125 3549 (καθ’
1140 3486 1153 3534 d
1168 3486 1286 3544 ἐδόθησαν
1297 3485 1323 3532 el

167 3567 210 3618 the
221 3567 396 3616 remainderoi
403 3569 446 3617 the
456 3569 600 3617 Cnsuuosn
608 3568 718 3631 reading,
769 3567 898 3632 διαθήκαι,)
922 3571 970 3616 τῶν
988 3568 1126 3626 μελλόντων
1146 3567 1267 3616 nminem
1291 3567 1322 3616 eir

167 3649 298 3713 especially
323 3649 390 3698 since
412 3649 432 3698 it
450 3656 548 3698 returns
568 3649 629 3698 with
646 3666 661 3698 a
677 3665 720 3697 na·
768 3651 810 3698 τὸν
826 3650 894 3701 θεόν.
929 3649 981 3698 ΑΒ.
993 3647 1146 3710 readsqnod.

168 3729 235 3777 tural
246 3745 300 3777 ease
311 3730 419 3778 iutothe
431 3731 513 3780 Greelr
524 3734 681 3793 praetonante
692 3731 721 3780 τὸ
817 3729 897 3781 ‘Aa
919 3731 993 3780 omits
1015 3737 1066 3790 aut,
1085 3729 1136 3778 and
1146 3728 1247 3790 frarann
1263 3743 1322 3791 may
1382 3761 1385 3768 ·

170 3811 277 3860 insursu
288 3813 328 3860 rai
340 3813 426 3860 εἰκαῖον
436 3815 480 3861 τοῦ
490 3814 610 3874 δόγματος
621 3815 708 3863 αὐτῶν.
767 3813 831 3862 have
841 3813 904 3862 been
915 3813 1045 3876 marginal,
1058 3828 1079 3860 e.
1089 3827 1115 3875 g.
1134 3812 1161 3858 οὐ
1176 3811 1254 3870 κενῶς,
1268 3811 1322 3860 οὐδὲ

218 3889 228 3923 ¹
245 3897 274 3942 ei.
297 3891 353 3953 (iu,
365 3892 454 3954 Voss,
468 3895 515 3944 but
525 3897 578 3944 ΑΒ.
590 3894 650 3958 ipae.
768 3896 896 3957 τυχόντως.

203 3973 228 4008 -¹
244 3975 359 4036 omniurn,
377 3976 454 4025 found
467 3978 493 4025 in
507 3977 550 4026 the
564 3977 654 4037 Voss„
670 3993 720 4028 was
817 3974 828 4007 Χ
844 3990 999 4024 conmanunt.
1043 3971 1196 4023 Mnssuun's
1217 3971 1322 4037 reading

167 4056 248 4106 added
265 4073 299 4106 no
316 4057 396 4106 doubt
415 4058 479 4106 from
496 4059 538 4107 the
554 4060 639 4108 sacred
656 4065 718 4109 text.
767 4057 893 4106 extracted
904 4057 969 4105 from
983 4057 1026 4105 the
1042 4057 1141 4105 Cunus.
1158 4055 1224 4116 MS,
1239 4055 1321 4104 which

167 4139 246 4188 There
258 4139 279 4186 is
290 4154 323 4187 no
335 4139 406 4187 other
417 4139 475 4188 MS.
488 4139 617 4204 authority
628 4141 668 4189 lor
677 4141 721 4189 the
767 4140 812 4188 has
834 4154 982 4189 concurram
998 4139 1058 4188 with
1078 4155 1090 4188 e
1108 4139 1209 4188 written
1227 4138 1305 4187 above
1312 4154 1321 4199 ;

167 4221 243 4280 word,
257 4219 307 4269 aud
318 4219 512 4270 itiscancelled.
767 4222 810 4270 the
821 4222 872 4271 As.
885 4221 935 4270 and
946 4222 1017 4270 other
1027 4221 1263 4282 MSS.concurrem,
1274 4221 1321 4269 but

216 4301 227 4335 Χ
243 4309 264 4352 ct
273 4319 300 4365 p.
314 4319 334 4352 o.
354 4303 406 4353 AB.
420 4303 467 4352 but
477 4308 523 4351 not
534 4303 560 4351 in
572 4303 626 4364 Gra,
636 4302 720 4354 Voss.
767 4303 810 4352 the
818 4304 887 4352 word
898 4320 944 4353 cau
955 4305 1028 4353 make
1039 4320 1071 4352 no
1083 4319 1161 4354 seusa.
1193 4303 1319 4365 curatur·

216 4384 227 4416 ⁴
244 4385 373 4434 Missum
383 4385 455 4434 reads
466 4383 597 4434 xenoduna
608 4399 672 4448 greca,
687 4401 720 4434 ou
768 4403 816 4434 των
833 4386 916 4435 would
933 4387 964 4435 be
982 4386 1122 4450 expressive
1136 4386 1165 4435 cl
1175 4387 1246 4434 those
1263 4385 1319 4434 who

168 4469 211 4518 the
223 4468 274 4518 sole
290 4469 420 4534 authority
433 4467 462 4517 oi
474 4468 518 4516 the
535 4467 635 4516 Casu.
648 4482 720 4530 copy,
768 4483 831 4524 were
841 4468 951 4531 brought
961 4467 1041 4516 undar
1051 4468 1093 4516 the
1104 4467 1160 4527 law,
1169 4483 1197 4516 as
1205 4467 1248 4516 the
1256 4466 1320 4514 neck

169 4549 215 4599 but
226 4550 247 4598 it
259 4550 279 4600 is
290 4550 395 4601 diffleult
410 4555 437 4600 to
451 4566 491 4600 see
504 4550 547 4600 the
563 4547 720 4600 anteoedent.
769 4548 798 4596 oi
805 4547 848 4596 the
859 4553 925 4614 steen·
935 4548 956 4596 is
967 4547 1028 4596 bent
1039 4551 1065 4596 to
1076 4547 1120 4596 the
1130 4547 1203 4614 yoke,
