3292 5068
195 579 248 620 tus
256 581 297 622 111.

222 628 243 666 il
254 631 266 665 Ξ

184 673 227 712 en
238 655 278 712 ui.
293 675 315 714 ιι.

186 719 313 807 ”iffa

171 844 318 852 ——--

338 393 358 456 B
787 411 1042 464 rsaumtonss

335 561 519 642 custoditur,
530 585 731 650 provocamus
745 585 810 644 eos,
828 565 1031 630 adversantur
1045 565 1213 644 traditioni,
1228 564 1367 630 dicentes
1379 585 1413 630 se
1428 585 1490 630 non

336 663 436 730 solum
447 665 651 752 Presbyteris,
659 666 715 732 sed
725 667 820 731 etiam
830 667 991 754 Apostolis
1006 668 1191 734 exsistentes
1202 666 1415 754 sapientiores,
1428 669 1490 731 sin·

336 789 440 832 ceram
459 769 612 834 inuenisse
629 771 801 836 veritatem.
846 771 1018 858 Apostolos
1036 773 1121 836 euim
1141 771 1344 838 admiscuisse
1363 793 1402 836 ea
1421 793 1491 858 quar

334 881 409 936 suut
422 872 535 959 legalia
551 871 718 939 Salvatoris
733 875 852 940 verbis:
872 883 905 940 et
921 896 984 940 non
1001 875 1101 940 solum
1123 875 1302 962 Apostolos,
1321 875 1377 940 sed
1395 877 1490 940 etiam

334 975 436 1061 ipsum
452 975 632 1056 Dominum,
645 979 738 1044 modo
753 978 879 1064 quidem
892 1001 913 1044 a
925 977 1107 1068 Demiurgo,
1120 979 1212 1044 modo
1226 987 1332 1044 antem
1343 1001 1364 1043 a
1375 980 1490 1046 medie·

334 1087 409 1158 tate,
425 1081 580 1146 interdum
593 1091 699 1148 autem
713 1106 733 1148 a
747 1084 927 1149 summitate
941 1083 1051 1149 iecisse
1065 1105 1240 1150 sermones:
1257 1096 1308 1147 ¹se
1317 1105 1388 1148 vero
1401 1084 1490 1148 indu·

334 1182 441 1264 bitate,
468 1193 501 1250 et
526 1185 719 1266 intaminata,
745 1195 778 1252 et
802 1188 921 1252 sineere
943 1187 1160 1253 absconditrun
1184 1186 1264 1254 scire
1286 1187 1485 1273 mysterium:

333 1287 416 1372 quod
445 1287 570 1376 quidem
599 1288 867 1374 impudentissime
889 1299 938 1356 est
967 1289 1181 1376 blasphemare
1205 1311 1297 1354 suum
1326 1289 1486 1355 factorem.

334 1391 448 1456 Evenit
474 1392 589 1478 itaque,
614 1415 714 1479 neque
731 1393 898 1480 Scripturis
914 1395 991 1478 jam,
1012 1416 1112 1482 neque
1131 1393 1290 1460 traditioni
1313 1395 1488 1460 consentire

331 1515 396 1558 eos.
445 1493 604 1560 Adversus
619 1496 697 1560 tales
712 1505 869 1562 certamen
884 1496 973 1561 nobis
987 1504 1046 1576 est,
1062 1520 1081 1563 ο
1096 1496 1304 1576 dilectissime,
1323 1519 1409 1564 more
1423 1520 1487 1563 ser-

331 1607 461 1686 pentum
475 1599 599 1664 ’lubrici
617 1599 655 1690 [l.
670 1598 803 1685 lubrice]
820 1599 955 1686 undique
970 1599 1106 1688 effugere
1120 1608 1279 1666 conantes.
1326 1601 1487 1688 Quaprop-

331 1711 381 1766 ter
396 1700 531 1788 undique
548 1702 755 1767 resistendum
769 1701 901 1780 catillis,
916 1703 943 1766 si
963 1724 1041 1789 quos
1061 1725 1102 1766 ex
1120 1702 1169 1766 his
1188 1703 1343 1768 retusione
1358 1705 1486 1768 coniun-

331 1805 450 1882 dentes,
465 1804 506 1870 ad
526 1807 756 1870 couversionem
771 1805 910 1870 veritatis
927 1805 1080 1869 adducere
1100 1805 1265 1890 possimus.
1311 1803 1440 1870 Etenim
1458 1807 1485 1869 si

329 1929 394 1973 uon
409 1908 498 1973 facile
512 1917 560 1974 est
575 1908 616 1974 ab
630 1931 732 1976 errore
746 1907 971 1994 apprehensam
981 1907 1160 1995 resipiscere
1174 1907 1320 1986 animam,
1335 1909 1391 1974 sed
1406 1912 1485 1973 3ιιοιι

330 2010 508 2076 omnimodo
523 2010 710 2098 impossibile
725 2018 773 2076 est
787 2032 922 2076 errorem
936 2009 1071 2097 effugere
1085 2010 1228 2098 apposite
1242 2010 1381 2076 veritate.

812 2263 914 2330 OAP.
939 2263 1006 2330 ΙΙΙ.

327 2416 387 2492 De
404 2415 662 2516 Apostolorum
685 2416 893 2511 traditione,
919 2417 973 2493 cel
990 2417 1037 2492 ab
1054 2415 1239 2520 Apostoiis
1261 2417 1303 2492 in
1327 2417 1483 2496 ccelesiis

644 2535 918 2638 Episcoporum
935 2535 1161 2614 macedone.

393 2709 423 2774 l.
468 2705 716 2770 Tarnrrronmr
736 2707 842 2796 itaque
862 2706 1086 2793 Apostolorum
1104 2705 1137 2770 iu
1157 2713 1225 2771 toto
1246 2706 1363 2771 mundo
1383 2707 1481 2770 mani-

325 2809 482 2886 iestatam,
506 2809 644 2876 inomni
667 2809 811 2876 Ecclesia
831 2809 938 2874 ⁴adest
958 2809 1149 2896 ⁵perspicere
1171 2809 1314 2874 omnibus
1336 2809 1388 2896 qui
1409 2831 1482 2874 vera
1537 2841 1539 2846 ·

324 2913 420 2978 uelint
434 2913 547 2992 videre,
560 2921 593 2980 et
605 2914 755 2978 habemus
768 2935 972 2978 annumerare
983 2934 1037 2978 eos
1048 2912 1101 2998 qui
1112 2912 1153 2976 ab
1169 2912 1330 2997 Apostolis
1345 2911 1480 2976 instituti

323 3023 398 3080 sunt
417 3015 564 3102 Episcopi
589 3017 622 3080 in
640 3015 787 3093 eeclesiis,
810 3023 843 3080 et
861 3015 1091 3080 ⁶successiones
1110 3035 1218 3079 eorum
1238 3035 1335 3100 usque
1354 3015 1396 3078 ad
1410 3036 1478 3090 uos,

323 3119 376 3205 qui
391 3119 467 3182 nihil
481 3119 543 3185 tale
556 3120 737 3198 docuerunt,
751 3141 851 3206 neque
866 3127 1085 3206 cognoverunt,
1098 3117 1188 3206 quale
1202 3119 1242 3183 ab
1258 3119 1306 3182 his
1321 3119 1478 3184 deliratur.

324 3219 452 3286 Etenim
472 3221 498 3285 si
520 3221 680 3286 recondita
701 3221 849 3310 mysteria
870 3221 1002 3288 scissent
1026 3221 1182 3310 Apostoli,
1203 3245 1273 3310 quae
1296 3222 1425 3288 seorsim
1446 3230 1479 3288 et

371 3411 381 3444 ¹
398 3412 558 3464 macteris,
567 3412 618 3462 and
628 3413 679 3462 Aa
688 3413 765 3464 MSS.
774 3413 836 3463 omit
847 3421 874 3464 et.
976 3413 987 3444 ⁵
1004 3415 1038 3462 So
1051 3414 1152 3464 Cum.
1170 3413 1220 3464 and
1234 3415 1286 3464 AB.
1302 3415 1476 3464 ιιιιτὸπτεσθαι.

322 3496 490 3557 ammmiuue,
506 3497 765 3560 έιιτοδιιληρώματοι.
926 3495 1050 3559 Respicere
1075 3496 1159 3546 would
1180 3496 1289 3546 iudicate
1317 3497 1475 3558 ἀποβλέπειν,

370 3577 450 3627 ²The
468 3579 599 3644 authority
615 3579 644 3630 ol
659 3578 735 3630 MSS.
763 3579 874 3641 Cusum,
926 3579 972 3628 but
986 3580 1046 3628 theu
1058 3577 1226 3628 Proditionem
1242 3576 1400 3626 wouldhave
1416 3577 1477 3626 been

320 3661 381 3720 Ara,
394 3659 474 3712 Voss.
487 3661 509 3710 is
521 3661 548 3710 iu
559 3662 648 3710 invour
658 3661 687 3710 oi
697 3661 793 3712 lubrici.
824 3662 876 3712 For
925 3661 1058 3710 construed
1068 3659 1175 3719 within,
1188 3659 1232 3708 the
1244 3658 1386 3722 equivalent
1397 3659 1426 3708 oi
1434 3661 1474 3710 etr.

320 3743 370 3791 this
381 3759 467 3792 reason
481 3744 497 3794 1
510 3749 610 3809 ampoct
624 3745 667 3794 the
682 3744 876 3794 adverblutru'ec
974 3741 985 3776 ⁰
1001 3741 1161 3792 Surrentum
1178 3741 1200 3790 is
1222 3740 1331 3790 restored
1350 3741 1416 3790 from
1434 3741 1477 3791 the

319 3825 346 3868 to
357 3821 421 3870 have
432 3823 494 3872 been
505 3823 614 3886 written,
627 3839 654 3874 as
667 3824 710 3873 the
725 3824 873 3874 translation
926 3823 1027 3873 Casan.
1042 3823 1094 3872 and
1110 3823 1162 3874 As.
1183 3821 1261 3872 MSS.
1280 3822 1306 3872 in
1326 3822 1375 3872 lieu
1392 3823 1421 3871 οδ
1433 3823 1479 3874 the

320 3903 349 3950 oi
373 3907 509 3970 σφαλεριδι,
541 3907 612 3958 itsell
636 3924 652 3958 a
678 3908 740 3958 falae
770 3907 875 3971 reading
923 3913 1017 3968 recepta
1035 3904 1109 3966 έοσέέο,
1126 3919 1273 3956 maumas.
1308 3904 1475 3956 Camillus.

318 3985 424 4050 perhaps
450 3987 490 4037 sor
514 3991 651 4052 σφαλερῶν.
693 3990 778 4050 Gracc,
810 3991 874 4040 rard
924 4001 983 4050 may
1000 3987 1030 4036 be
1049 3987 1189 4051 compared.
1220 3988 1271 4038 Καὶ
1290 3990 1312 4038 el
1331 3989 1477 4038 ’Διόστολοι

318 4069 431 4116 τοιούτων
449 4071 519 4132 μάχη
538 4071 593 4131 ἡμῖν
611 4074 684 4134 ἐστιν,
706 4071 726 4120 ιδ
748 4073 871 4134 δγαπητέ,
923 4069 989 4126 ἡμῶν
1001 4071 1110 4131 δ’γνιισαν
1120 4071 1159 4120 διὰ
1170 4071 1213 4120 τοῦ
1224 4070 1477 4133 unetvicesimae

318 4149 396 4211 δφειον
413 4153 480 4211 turer
498 4155 627 4216 σφαλερῶν
646 4155 727 4216 πάντῃ
746 4156 873 4216 ἐκφεύγειν
923 4151 1039 4214 Χριστοῦ,
1052 4154 1091 4202 δτι
1106 4154 1153 4214 lpas
1169 4154 1240 4202 έστιιι
1255 4154 1296 4204 lul
1308 4154 1352 4201 τοῦ
1362 4153 1477 4212 deiparae

318 4232 523 4294 έιιιχειρουμένιιν,
541 4235 584 4284 the
598 4237 734 4286 translator
744 4237 872 4301 evidently
922 4237 966 4295 τῆς
977 4236 1118 4295 έτισιιοτῆι·
1137 4237 1177 4286 διδ
1187 4237 1279 4295 ταύτην
1290 4237 1330 4284 etr
1340 4237 1385 4295 τὴν
1396 4237 1476 4285 αἰτίαν

317 4313 453 4362 connected
479 4314 524 4362 the
549 4314 625 4365 letter
649 4318 716 4367 word
742 4319 804 4368 with
827 4320 871 4369 the
922 4319 1057 4379 πρόγνωσιν
1068 4319 1195 4380 εἰληφότες
1205 4319 1308 4377 τελείαν,
1322 4319 1476 4379 κατέστησαν

316 4407 403 4456 wrong
413 4393 569 4442 antecedent.
920 4402 975 4450 τοὺς
989 4401 1176 4463 τροειρηριένσοε,
1194 4400 1234 4446 rat
1252 4401 1344 4460 μεταξὺ
1360 4401 1476 4460 έτινομὴν

365 4473 376 4506 ³
393 4477 443 4524 Οὐκ
460 4477 583 4536 ditmarus,
600 4477 713 4538 ἀληθείας
727 4484 869 4543 reparatri-
920 4483 1056 4542 δεδώκασιν,
1066 4485 1130 4532 drus
1141 4483 1341 4542 έδνιιοιμηθῶσιν,
1354 4483 1474 4543 διαδέξιον·

316 4571 366 4616 cnr,
377 4557 475 4618 ἄγνοιαν
482 4559 575 4620 φσγεΐν.
588 4559 606 4608 J
609 4559 807 4610 usu.M.A.1.1a.
817 4563 867 4612 Gn.
920 4581 961 4612 ται
976 4563 1053 4626 έτεροι
1065 4563 1258 4622 δεδοκιμασμένοι
1274 4565 1355 4625 turpe
1369 4565 1413 4624 τὴν
1426 4567 1473 4614 λιι·

364 4637 375 4668 ⁴
393 4639 518 4702 πάρεστιν,
531 4653 560 4688 or
572 4640 679 4704 perhaps
689 4642 781 4706 simply
793 4643 866 4692 ἐστίν.
920 4644 1033 4706 τονργίαν
1044 4645 1127 4694 αὐτῶν.
1147 4644 1192 4706 up.
1206 4643 1242 4694 ad
1254 4643 1308 4694 Gor.
1321 4661 1362 4705 4⁴·
