3292 5068
324 366 367 430 16
742 375 924 428 'naamam
950 375 1057 427 VERA

181 555 285 642 mppr.
320 530 553 616 antiquissimae
574 549 730 596 recurrere
752 527 909 607 ecclesias,
937 528 969 594 ia
996 529 1109 614 quibus
1132 527 1279 616 Apostoli
1305 525 1478 594 conversati

166 649 295 735 {pig-,pl-
320 643 403 714 sunt,
423 642 457 700 et
469 635 510 700 ab
530 633 576 700 eis
592 635 632 700 de
649 633 797 720 praesenti
817 633 989 719 quaestions
1008 651 1131 700 sumere
1152 633 1236 720 qnod
1255 640 1374 699 certum
1392 641 1426 698 at
1443 655 1479 697 rc

161 723 306 830 „IL
320 739 470 824 liquidum
488 740 558 804 estt
602 737 685 820 Quid
703 745 810 802 autem
827 736 854 801 si
874 758 974 822 nequa
994 735 1139 822 Apostoli
1159 737 1283 822 quidem
1302 735 1479 822 Scripturas

319 841 516 928 reliquissent
545 840 645 918 nobis,
675 861 777 904 noane
804 841 967 924 oportebat
998 839 1139 904 ordinem
1174 839 1261 926 sequi
1291 837 1477 916 tradit-ionia,

320 967 413 1031 quam
428 944 622 1010 tradiderunt
636 943 675 1009 iis
689 942 801 1028 quibua
815 943 1053 1008 committebant
1072 943 1239 1009 ecclcsiae!
1275 941 1333 1008 Oui
1355 941 1478 1006 ordina-

320 1049 397 1115 tioni
411 1049 588 1115 assentiunt
602 1047 709 1112 multae
723 1055 834 1135 gentes
850 1047 1066 1113 ¹barbarorum
1081 1070 1188 1114 eorum
1202 1048 1255 1135 qui
1271 1047 1303 1113 in
1319 1046 1477 1113 Christum

321 1153 461 1230 credunt,
474 1151 541 1218 sine
552 1152 679 1218 ²charta
688 1151 734 1216 vel
745 1158 919 1216 atramento
935 1151 1083 1239 scriptam
1097 1151 1248 1218 habentes
1262 1175 1317 1239 per
1327 1149 1478 1238 Spiritum

320 1256 352 1320 in
364 1256 509 1321 cordibus
532 1254 597 1319 auis
610 1255 754 1334 salutem,
770 1262 803 1318 et
816 1261 952 1319 veterem
975 1254 1174 1319 traditionem
1189 1255 1354 1342 diligenter
1373 1263 1478 1319 custo-

320 1359 450 1437 dientes,
469 1359 518 1422 ³in
537 1379 632 1422 unum
652 1357 756 1422 Deum
773 1357 936 1422 credentes
955 1355 1170 1422 fabricatorem
1188 1359 1258 1424 coeli
1276 1367 1309 1423 et
1327 1367 1427 1436 terrae,
1444 1365 1477 1422 et
1491 1367 1518 1406 G·
1529 1368 1579 1406 Μ

320 1461 458 1526 omnium
473 1483 543 1546 quae
558 1459 650 1524 ineis
667 1467 750 1536 aunt,
771 1463 845 1544 ⁴per
860 1457 1020 1524 Christum
1037 1459 1150 1525 desum
1165 1461 1226 1526 Dei
1242 1461 1369 1527 Filium.
1414 1459 1475 1542 Qui

320 1573 446 1650 propter
466 1561 742 1628 eminentissimam
764 1582 838 1647 erga
859 1561 1044 1647 figmentum
1067 1585 1158 1628 snum
1180 1563 1386 1642 dilectionem,
1405 1583 1475 1629 eam

320 1689 389 1752 quae
405 1674 488 1732 esset
502 1687 543 1731 ex
554 1663 687 1752 Virgine
701 1663 933 1750 generationem
948 1664 1104 1744 sustinuit,
1120 1667 1185 1752 ipse
1200 1689 1302 1753 perse
1318 1667 1475 1732 hominem

319 1770 459 1834 adunans
482 1767 561 1846 Deo,
584 1775 615 1831 et
638 1787 749 1851 passus
769 1765 828 1829 sub
856 1765 971 1830 Pontio
999 1767 1113 1846 Pilato,
1137 1777 1170 1834 et
1191 1789 1364 1856 resurgens,
1388 1778 1421 1834 et
1442 1769 1476 1833 in

320 1871 460 1937 claritate
474 1875 627 1955 receptus,
643 1867 675 1931 in
689 1867 788 1956 gloria
802 1874 951 1932 venturus
967 1868 1109 1934 Salvator
1122 1891 1230 1936 corum
1241 1871 1295 1958 qui
1307 1872 1474 1950 salvantur,

320 1983 353 2038 et
373 1973 471 2058 judex
499 1993 606 2036 eorum
635 1969 688 2055 qui
713 1969 903 2054 judicantur,
925 1977 960 2034 et
985 1970 1114 2037 mittens
1140 1972 1300 2060 inignem
1323 1983 1474 2039 aeternum

318 2077 589 2166 transfiguratores
608 2075 758 2154 veritatis,
778 2083 811 2140 et
830 2081 1040 2142 contemtores
1060 2079 1167 2144 Patris
1193 2081 1240 2146 sui
1267 2089 1300 2146 et
1322 2081 1475 2146 adventus

319 2182 398 2268 ejus.
436 2179 530 2246 Hanc
544 2179 637 2245 fidem
653 2177 706 2266 qui
721 2177 788 2242 sine
802 2175 900 2242 literis
914 2177 1119 2260 crediderunt,
1138 2190 1289 2267 quantum
1303 2183 1344 2247 ad
1358 2203 1474 2247 sermo-

319 2307 392 2351 nem
414 2293 564 2363 nostrum,
588 2281 712 2350 barbari
732 2289 824 2346 sunt:
850 2289 1000 2366 qnantum
1022 2291 1127 2348 autem
1154 2286 1195 2350 ad
1219 2286 1416 2364 sententiam,
1441 2295 1475 2351 et

319 2388 583 2467 consuetudinem,
599 2395 632 2454 et
646 2385 922 2464 conversationem,
938 2393 1064 2471 propter
1080 2387 1174 2454 fidem
1190 2411 1338 2474 perquam
1352 2389 1474 2473 sapien-

320 2493 431 2558 tissimi
445 2501 529 2570 sunt,
544 2501 577 2556 at
594 2490 718 2578 placent
734 2489 813 2566 Deo,
832 2497 1051 2552 conversantes
1071 2489 1104 2554 in
1121 2491 1204 2556 omni
1220 2489 1345 2578 justitia
1359 2500 1392 2556 et
1406 2513 1474 2556 cas-

319 2595 410 2660 titate
433 2602 465 2660 ct
491 2591 654 2679 sapientia.
698 2590 818 2673 Quibus
842 2587 869 2652 si
892 2587 1003 2674 aliquis
1026 2594 1255 2658 annuntiaverit
1278 2615 1316 2659 ea
1342 2617 1411 2680 quae
1431 2595 1473 2658 ab

319 2695 474 2762 haercticis
502 2697 670 2760 adinventa
697 2701 782 2773 sunt,
818 2689 941 2778 proprio
975 2686 1118 2760 sannone
1149 2719 1255 2762 eorum
1284 2697 1472 2784 colloquens,

368 2883 568 2933 ¹H1rronrrus
590 2899 648 2947 may
669 2883 700 2931 be
726 2880 870 2946 compared:
920 2883 1010 2934 fabalia
1031 2887 1112 2936 cordia
1133 2887 1282 2938 carnalibus.
1313 2885 1339 2937 S.
1353 2887 1471 2936 Hmaor.

320 2970 411 3017 Τούτου
432 2967 510 3014 τοίνυν
538 2967 582 3014 τοῦ
607 2965 683 3026 λόγου
709 2965 873 3024 κρατήσαντες
921 2966 1409 3028 Ep.xrrvrrr.a1.axr.aa1’ammaaa

319 3051 427 3110 μαθητοῦ
443 3049 567 3108 Ἕλληνες,
592 3047 730 3108 Αἰγύπτιοι,
754 3045 873 3094 Χῦλὸῠῖθῑ
969 3049 1123 3102 'Istasos
1140 3054 1247 3103 exhibita
1267 3070 1300 3102 an
1318 3053 1428 3104 abstract
1448 3053 1477 3102 of

320 3134 360 3184 val
371 3134 420 3180 τάν
427 3133 494 3194 γένος
502 3131 639 3194 ἀνθρώπων,
653 3130 677 3178 rt
691 3129 719 3178 τὸ
731 3130 793 3177 θεῖον
804 3127 873 3187 καὶὴ
921 3132 964 3180 the
979 3131 1085 3183 Eastern
1101 3135 1186 3194 (troad,
1199 3135 1283 3184 rather
1298 3136 1360 3184 than
1375 3135 1431 3184 that
1447 3135 1476 3183 of

319 3218 405 3264 τούτου
427 3218 541 3264 εὔτακτος
564 3213 705 3274 δημιουργία
727 3209 785 3273 παρ’
807 3211 872 3270 ἡμᾶν
921 3215 963 3262 the
986 3215 1084 3265 Roman
1107 3217 1214 3266 Ghurch.
1245 3217 1291 3266 Sec
1313 3218 1355 3266 ths
1374 3216 1473 3266 editor's

319 3299 367 3346 τῶν
383 3297 460 3358 φίλων
476 3297 520 3344 τοῦ
536 3295 604 3355 θεοῦ,
621 3297 661 3343 καὶ
677 3295 711 3353 μη
728 3295 872 3356 κομπολάγῳ
920 3295 986 3347 Hiar.
1012 3297 1042 3361 of
1059 3298 1097 3346 tle
1120 3298 1239 3347 Albanos.
1262 3298 1342 3358 Orcrd,
1364 3315 1388 3363 p.
1413 3296 1470 3346 680.

319 3382 391 3428 τοῦτο
403 3379 548 3439 ησκηκάτιον,
564 3377 619 3426 ἀλλ’
633 3377 648 3437 ἠ
661 3377 774 3436 ἀληθείας
784 3379 872 3438 γνώσει
921 3380 1098 3440 HIPronrnus,
1115 3383 1141 3430 in
1159 3382 1300 3445 dascribing
1316 3383 1358 3430 the
1369 3381 1432 3430 aith
1447 3382 1475 3430 of

320 3464 360 3511 rat
377 3463 478 3520 ἀσκήσει
494 3461 647 3523 σωφροσύνης
659 3461 691 3509 εἰς
703 3461 821 3519 ἀπόδειξιν
832 3461 871 3508 οῦ
920 3463 963 3512 tha
986 3463 1086 3512 Church
1108 3463 1229 3524 Catholic,
1253 3465 1298 3514 has
1320 3465 1404 3514 rather
1429 3464 1473 3512 the

319 3546 363 3592 τοῦ
378 3544 464 3605 λόγους
481 3543 632 3601 ποιουμένων.
662 3541 710 3591 Pla.
727 3552 753 3590 x.
765 3553 803 3603 31.
839 3541 871 3589 In
920 3545 1017 3594 schools
1034 3545 1063 3594 cf
1078 3545 1226 3610 philosophy
1240 3547 1266 3594 in
1283 3546 1353 3606 view,
1373 3545 1422 3594 and
1442 3547 1473 3594 he

318 3627 361 3678 tha
377 3641 445 3675 same
459 3641 514 3690 way
528 3625 560 3674 he
573 3623 699 3674 addresses
714 3623 757 3672 tha
772 3623 871 3672 νοτίους
920 3641 1045 3690 expressas
1059 3627 1159 3676 himself
1171 3627 1342 3692 accordingly:
1366 3629 1424 3677 θεὸς
1441 3629 1473 3678 εἷς

317 3709 421 3758 familias
432 3708 461 3757 of
469 3707 512 3756 the
523 3707 617 3756 human
628 3705 871 3769 racsbroughtback
921 3709 934 3757 d
949 3710 1042 3770 πρῶτος
1057 3711 1097 3758 rat
1111 3711 1180 3769 atvar
1195 3711 1235 3758 καὶ
1247 3710 1361 3760 ἀτάντιοτ
1372 3711 1473 3770 ποιητὴς

317 3793 450 3843 toGodin
461 3791 557 3841 Christ:
570 3789 872 3851 Τυιοῦτοςάτερλτάθεῖοτ
921 3791 962 3840 καὶ
984 3793 1067 3854 κύριος,
1092 3793 1224 3854 emperor
1250 3793 1323 3852 ἔσχεν
1345 3793 1417 3850 οὐδὲν,
1446 3793 1473 3839 οὐ

318 3877 409 3936 ἀληθὴς
428 3877 508 3938 λόγος,
529 3874 549 3924 ιθ
571 3875 691 3936 &Opertae
709 3873 826 3931 Ἕλληνές
842 3889 871 3921 τε
920 3869 1095 3930 χάοςάτειρον,
1110 3872 1155 3931 οὐχ
1169 3871 1230 3932 ῦάωρ
1245 3871 1385 3931 ἀμέτρητον,
1400 3868 1474 3929 τῖγῆν

318 3960 358 4007 καὶ
373 3959 502 4021 Βάρβαροι,
517 3957 638 4007 Χολδοῖοί
646 3973 675 4004 τε
686 3956 726 4004 val
738 3954 867 4018 ’Δσσθριοη
920 3951 1027 4012 στερρὰν,
1038 3952 1091 4012 οὐχὶ
1103 3952 1162 4013 ἀέρα
1173 3952 1265 4010 πυκνὸν,
1280 3953 1308 3998 οὐ
1319 3951 1367 4012 πῦρ
1378 3951 1469 4011 θερμὸν,

317 4041 447 4102 Αἰγύπτιοί
468 4057 497 4088 τε
519 4041 559 4089 acal
581 4039 674 4101 Λίβυες,
693 4039 766 4086 Ἰυθοι
785 4055 813 4084 τε
831 4038 871 4086 aral
921 4035 949 4080 οῦ
965 4034 1058 4091 πνεῦμα
1075 4033 1172 4092 λεπτὸν,
1191 4034 1232 4080 οῦκ
1249 4033 1347 4093 οὐρανοῦ
1363 4032 1474 4092 μεγάλου

318 4121 437 4180 Αἰθίοπες,
452 4121 545 4169 Κέλτοι
555 4137 583 4168 τε
594 4120 635 4168 καὶ
646 4121 668 4166 ol
679 4121 871 4181 στρατηγοῦντες
921 4115 1021 4162 κυανέου
1031 4114 1135 4176 μορφήν·
1155 4113 1208 4162 ἀλλ’
1220 4112 1250 4172 ἢν
1262 4113 1293 4162 εἷς
1303 4111 1372 4172 μόνος
1384 4108 1469 4171 ἑαυτῷ,

318 4202 425 4258 Λατῖνοι,
435 4201 523 4250 earm
531 4217 560 4248 rs
571 4201 593 4248 ol
601 4201 647 4257 τὴν
654 4201 779 4262 Εὐρώπην,
790 4199 871 4247 'Arina
920 4195 945 4244 ἀς
965 4196 1071 4252 θελήσας
1093 4194 1192 4254 ἐποίησε
1211 4195 1244 4243 τά
1261 4195 1327 4254 ὄντα,
1351 4193 1393 4240 οὐκ
1415 4193 1474 4241 ἀυτει

318 4299 347 4332 τε
358 4283 398 4331 rol
409 4281 502 4343 Λιβῦητ
513 4281 685 4340 κατοικοῦντες,
697 4282 871 4343 οῑςσύμβουλος
921 4277 1042 4336 πρότερον,
1067 4278 1131 4335 τλῆν
1152 4279 1194 4326 ὅτε
1214 4277 1319 4336 ἠθέλησε
1340 4275 1425 4336 ποιεῖν,
1444 4275 1474 4326 ὡς

319 4361 369 4423 cyra
386 4360 490 4420 γίνομαι,
512 4361 683 4420 φιλανθρώπου
699 4360 780 4420 Δθγου
798 4362 871 4423 ῦτάρ-
921 4360 1031 4421 ἔμπειρος
1042 4357 1074 4406 οῦν
1085 4359 1133 4406 τῶν
1144 4360 1269 4418 ἐσομένων.
1287 4358 1335 4407 Pla.
1348 4369 1374 4407 x.
1390 4371 1428 4419 32.

317 4459 369 4506 χωτ
379 4443 490 4502 μαθητὴς
502 4459 524 4490 κ.
530 4459 553 4490 τ.
560 4444 584 4490 λ.
602 4440 651 4489 Pa.
664 4453 691 4490 x.
706 4455 744 4502 54.
970 4438 980 4470 ⁴
998 4440 1145 4490 Κελεύοντος
1160 4440 1255 4501 Ποτρὸς
1265 4440 1375 4500 γίνεσθαι
1387 4439 1475 4498 κόσμου

366 4523 466 4582 ’ἀὶυυιά
488 4523 518 4572 οῦ
540 4521 662 4584 apostolia
683 4521 801 4570 multtum
822 4539 871 4572 raca
920 4523 949 4570 τὸ
972 4523 1035 4569 κατὰ
1057 4523 1082 4568 ἀν
1103 4522 1181 4582 Λόγος
1204 4521 1346 4570 ἀτετελεῖτο
1368 4523 1475 4583 ἀρέσκων

316 4603 430 4654 scribitur
445 4604 473 4652 in
490 4603 575 4652 clarae-la
591 4610 612 4652 οι
628 4609 767 4662 ratrammo,
785 4604 826 4651 sed
843 4604 872 4652 ιὀι
922 4605 983 4662 θεῷ.
1003 4602 1051 4651 Pla.
1065 4615 1091 4650 x.
1108 4616 1147 4663 33.
