3292 5068
654 397 701 448 nr
725 396 902 450 smcsnn.
1320 385 1361 450 81

207 551 301 616 flatus
320 549 380 616 iste
401 550 483 628 talis,
507 571 608 637 neque
625 551 658 614 in
676 551 765 630 coelo,
781 573 881 638 neque
897 553 928 616 in
946 559 1030 618 terra
1044 559 1137 638 putat
1157 575 1192 618 se
1206 573 1285 632 esse,
1307 553 1363 618 sed
1399 576 1453 616 nn.
1461 577 1501 616 111.

209 653 291 718 intra
304 653 450 718 Pleroma
472 653 628 731 introisse,
650 663 682 719 et
704 655 937 740 complexum
923 677 990 740 Jam
1007 655 1153 742 angelum
1174 677 1275 734 suum,
1291 678 1363 721 clun
1380 669 1474 709 (Μ
1483 679 1519 709 ¹*-

109 768 137 807 Ν
147 769 189 807 Μ
210 756 394 833 ¹institorio,
410 765 443 821 et
456 756 620 842 supercilio
633 756 760 834 incedit,
775 757 937 844 gallinacei
953 757 1024 822 elat
1001 765 1118 824 tionem
1130 759 1259 826 habens.
1282 760 1362 824 Sunt
1386 761 1463 802 Μ
1465 762 1507 848 ,Ψ

208 868 314 924 autem
326 859 410 946 apud
429 881 493 937 eos,
517 859 569 946 qui
592 860 699 924 dicunt
714 869 857 945 oportere
870 861 985 927 bonurn
1000 862 1264 928 conversationem
1278 885 1362 929 asse·
1382 887 1523 898 ---

208 962 261 1049 qui
281 983 352 1027 eum
375 963 542 1040 hominem,
566 963 619 1047 qui
641 962 683 1028 sit
703 963 836 1049 desuper
858 963 1019 1030 ''veniensz
1043 975 1170 1050 propter
1183 964 1243 1029 hoc
1258 974 1290 1029 et
1304 966 1362 1030 fin·

207 1073 287 1152 gunt
307 1065 440 1151 quodam
462 1065 625 1150 supercilio
648 1065 842 1151 gravitatem.
889 1064 1019 1130 Plurimi
1043 1074 1148 1131 autem
1171 1073 1204 1132 et
1223 1074 1362 1132 contem-

207 1178 291 1232 tores
311 1167 396 1245 sacti,
424 1166 511 1254 quasi
535 1168 602 1252 jam
622 1168 761 1253 perfecti,
793 1168 861 1233 sine
885 1168 1067 1246 reverentia,
1093 1176 1127 1233 et
1149 1168 1182 1232 in
1202 1177 1362 1233 contemtu

207 1269 355 1347 viventes,
371 1268 555 1354 semetipsos
569 1269 725 1354 spiritales
745 1277 866 1348 vocant,
883 1279 915 1335 et
930 1292 964 1334 se
975 1291 1067 1336 nosse
1084 1271 1152 1357 jam
1167 1270 1275 1350 dicunt
1289 1293 1361 1336 eum

207 1371 261 1458 qui
275 1371 317 1436 sit
333 1371 415 1434 intra
432 1370 578 1436 Pleroma
593 1371 730 1456 ipsorum
744 1371 895 1458 refrigerii
910 1371 1023 1438 locum.

106 1505 186 1545 oasa
272 1479 304 1541 3.
350 1474 418 1539 Nos
432 1483 539 1540 autem
554 1483 744 1540 revertamur
757 1475 943 1540 adeundam
957 1481 1137 1540 tractatum.
1182 1474 1262 1541 (lum
1277 1475 1360 1542 enim

206 1579 396 1645 declaratum
411 1577 453 1643 sit
471 1578 644 1656 manifeste,
665 1578 811 1664 quoniam
832 1578 988 1644 neminem
1005 1578 1101 1643 alium
1116 1579 1220 1644 Deum
1234 1601 1361 1646 vocave-

206 1690 280 1746 runt
302 1681 350 1746 vel
366 1681 536 1746 Dominum
559 1681 806 1760 nominaverunt,
830 1682 884 1768 qui
907 1681 1048 1748 veritatis
1070 1683 1194 1747 fuerunt
1211 1683 1360 1768 praedica·

207 1793 292 1848 tores
311 1791 344 1848 et
368 1783 514 1869 Apostoli
534 1782 695 1858 libertatis,
720 1783 781 1848 nisi
804 1784 905 1849 solum
922 1805 1029 1849 verum
1051 1783 1157 1848 Deum
1179 1783 1309 1850 Patrem
1327 1795 1360 1850 et

209 1887 350 1952 Verbum
365 1889 443 1972 ejus,
466 1886 573 1973 quiin
595 1887 739 1952 omuibus
756 1888 963 1974 principatum
986 1887 1091 1965 habet,
1114 1887 1278 1954 manifeste
1300 1889 1360 1955 erit

207 1999 377 2068 ostensum,
393 1989 543 2054 factorem
557 1988 628 2054 coeli
643 1997 675 2054 et
689 1997 791 2070 terrae,
807 1999 840 2056 et
860 1991 912 2078 qui
931 1991 1055 2056 locutus
1077 1991 1120 2056 sit
1139 2013 1212 2056 cum
1236 1992 1359 2080 Moyse,

206 2101 240 2158 et
262 2093 341 2179 legis
358 2091 592 2178 dispositionem
611 2092 640 2157 ei
662 2093 790 2172 dederit,
809 2095 861 2181 qui
885 2095 1098 2160 convocaverit
1120 2103 1234 2182 patres,
1251 2095 1359 2160 Domi·

206 2218 282 2260 num
299 2196 403 2260 Deum
417 2195 557 2260 confiteri
573 2217 636 2274 eos,
657 2204 690 2262 et
713 2197 844 2262 alterum
862 2198 1017 2263 neminem
1040 2220 1142 2265 nosse.
1189 2199 1360 2266 Manifesta

208 2299 304 2385 igitur
321 2307 354 2364 et
378 2283 602 2384 Apostolorum
627 2308 659 2364 et
683 2300 887 2366 ³discentium
909 2323 1016 2367 eorum
1038 2323 1078 2366 ex
1105 2303 1204 2368 verbis
1224 2302 1360 2388 ipsorum

207 2402 246 2466 de
261 2401 332 2467 Deo
347 2401 430 2466 facta
443 2408 492 2466 est
507 2401 673 2466 sententia.

665 2669 767 2738 uAP.
790 2668 891 2736 XVI.

233 2836 321 2926 erae
337 2835 383 2910 sit
393 2833 657 2934 Apostolorum
673 2832 851 2908 sententio
873 2832 919 2907 dc
935 2833 1096 2910 Doruiuo
1114 2847 1233 2910 nostr-0
1250 2835 1286 2908 J
1283 2859 1343 2909 esu

710 2950 862 3027 Christo,

269 3136 435 3218 Quonrrn
452 3141 557 3198 autem
572 3141 645 3200 sunt
661 3133 713 3220 qui
729 3133 846 3212 dicunt,
863 3133 886 3196 J
888 3153 975 3198 esum
991 3129 1115 3217 quidem
1129 3130 1358 3216 receptaculum

207 3237 324 3303 Christi
354 3237 459 3316 fuisse,
490 3237 522 3300 in
553 3259 645 3322 quem
677 3237 808 3322 desuper
841 3234 930 3322 quasi
959 3233 1134 3300 columbam
1163 3233 1359 3298 descendisse

208 3339 377 3418 Christum,
403 3348 531 3404 etcum
556 3339 723 3404 indicasset
755 3336 1006 3403 innominabilem
1032 3335 1161 3400 Patrem
1187 3335 1359 3422 incompre-

206 3442 399 3508 hensibiliter
415 3450 448 3507 et
467 3441 659 3507 invisibiliter
679 3441 811 3506 intrasse
832 3440 865 3504 in
881 3439 1044 3504 Pleroma:
1072 3460 1136 3502 non
1157 3437 1241 3503 enim
1258 3437 1358 3503 solum

205 3549 247 3613 ab
261 3545 447 3623 hominibus,
469 3545 525 3610 sed
540 3567 579 3609 ne
594 3545 634 3610 ab
649 3545 699 3608 his
715 3543 851 3630 quidem,
867 3564 937 3629 quse
958 3542 990 3605 in
1002 3541 1081 3606 coelo
1095 3549 1178 3619 sunt,
1194 3541 1358 3626 potestati·

205 3651 266 3714 bus
280 3657 312 3714 et
326 3647 493 3712 virtutibus
507 3647 733 3733 apprehensum
755 3667 836 3724 eum,
852 3655 885 3710 et
899 3667 968 3710 esse
984 3643 1108 3730 quidem
1122 3643 1219 3706 filium
1234 3642 1357 3720 desum,

206 3754 343 3837 ⁴patrem
354 3773 426 3816 vero
437 3749 605 3826 Christum,
616 3757 648 3814 et
658 3747 773 3814 christi
789 3755 919 3834 patrem,
932 3745 1055 3810 Deum:
1072 3744 1124 3808 alii
1137 3765 1208 3808 vero
1219 3743 1358 3830 putative

205 3950 275 4011 ttoni,
290 3947 754 4006 Mussimitatiombutthecnnnu.
808 3944 886 4007 Proes.
903 3944 959 3993 Lib.
972 3955 990 3993 1.
1025 3943 1051 3992 It
1073 3943 1094 3990 is
1116 3941 1221 3990 diflicult
1242 3947 1270 3991 to
1292 3945 1359 3992 traca

205 4032 264 4082 ΜΒ.
285 4020 426 4091 imbuisti,
454 4031 534 4080 which
557 4029 571 4078 1
594 4030 702 4092 imagine
729 4034 757 4078 to
807 4028 850 4080 the
861 4025 944 4075 Greek
955 4025 1037 4073 unless
1052 4024 1073 4072 it
1084 4039 1209 4087 expresses
1227 4023 1257 4074 δι’
1274 4024 1359 4084 thaso·

204 4114 269 4163 have
292 4114 373 4162 arisen
399 4119 445 4162 out
470 4113 498 4162 of
521 4111 665 4160 imitutrbut.
704 4109 757 4160 The
808 4110 870 4158 retur
881 4109 921 4156 rol
932 4108 1010 4168 τύφου
1021 4106 1134 4168 ἐμβαίνει.

204 4195 288 4245 Greek
304 4211 363 4260 may
379 4195 443 4244 have
458 4194 527 4254 been,
546 4195 591 4252 τὴν
601 4195 691 4240 τούτων
702 4193 757 4240 dxc-
856 4187 867 4220 ¹
883 4187 1011 4236 adomim
1027 4188 1048 4236 is
1064 4186 1170 4251 perhaps
1181 4186 1316 4250 preferable
1331 4204 1360 4238 aa

204 4279 302 4327 λουθίων
330 4278 371 4326 xal
398 4278 443 4336 τὴν
472 4278 564 4328 τούτων
592 4275 758 4336 ἀπολύτρωσιν
808 4269 1078 4330 labbaeumhls„
1091 4269 1232 4318 verbodo
1249 4271 1356 4331 ἐπιόντα,

205 4361 352 4420 τετυχηκώς.
808 4355 824 4404 i.
835 4370 857 4404 e.
869 4352 1012 4415 cpirr'tolem,

255 4439 408 4501 ²a'astr'torio,
439 4457 455 4489 a
474 4439 543 4488 word
565 4437 625 4488 used
647 4435 676 4485 of
694 4435 759 4484 daal·
856 4433 1034 4492 wormius,
1048 4431 1091 4482 ie.
1104 4434 1225 4492 μαθητῶν,
1240 4438 1305 4482 arat
1316 4432 1357 4494 68,

204 4537 244 4571 crs
262 4522 289 4570 iu
306 4521 404 4586 puffing
427 4521 465 4572 olf
484 4521 550 4570 their
569 4518 656 4583 goods.
689 4516 758 4566 Here
808 4533 832 4565 n.
847 4531 869 4577 a,
883 4515 1001 4578 meaning
1012 4513 1037 4563 S.
1046 4513 1119 4562 Luke
1129 4513 1179 4562 and
1192 4514 1217 4564 S.
1229 4515 1314 4565 Mari.

205 4608 226 4655 it
237 4621 295 4670 may
306 4604 529 4669 meanartmtttnp
541 4597 602 4669 pcit.
636 4601 759 4665 Compare
857 4595 1135 4659 ‘SeeVol1.p.113.

308 4713 381 4760 von
393 4715 428 4762 u.
1237 4684 1258 4746 6
