3276 5086
637 355 739 409 Mons
761 355 883 409 runsn.
1268 335 1335 400 349

183 513 247 574 est:
270 506 397 575 Erana
416 508 681 596 quidemsarolim
704 507 966 586 seductoriam,
986 503 1471 589 sedmfiomiueuumuva

183 610 419 695 aedjaotificati
440 612 509 676 ααιζι
530 612 565 676 ira
586 612 705 676 omuino
725 611 855 676 Domini
875 611 969 676 nostri
997 610 1073 674 Jcsu
1097 609 1220 688 Christi,
1248 615 1276 672 el
1301 606 1336 670 io
1307 521 1499 697 ffipff
1470 612 1499 651 ¹

185 713 312 800 Spiritu
324 713 389 778 Dei
402 714 508 780 nostri.
553 713 685 796 Quando
703 713 799 800 igitur
815 713 1006 799 portavimus
1020 713 1188 800 imaginem
1200 711 1268 796 ejus
1282 708 1336 797 qui
1349 735 1500 748 ---

184 825 235 883 est
249 818 288 882 de
301 817 397 883 limol
419 818 546 883 Scilicet
557 819 680 904 qnando
695 819 761 883 ¹hae
774 839 844 904 quac
858 817 1015 904 praedictae
1029 825 1103 882 sunt
1118 813 1220 882 carnis
1231 837 1336 932 opera

184 921 298 1000 tiones,
318 921 584 1008 perficiebantur'
575 943 608 986 ιιι
628 921 729 987 nobis.
774 921 906 1003 Quando
920 929 1027 985 autem
1040 918 1155 984 iterum
1169 917 1337 1005 imaginem

185 1024 343 1090 coelestisl
388 1025 515 1090 Scilicet
538 1025 661 1110 quando
684 1025 740 1104 ait,
766 1025 877 1091 Atina·
896 1025 964 1090 estis
980 1021 1170 1089 credentes
1161 1044 1194 1086 ιιι
1213 1021 1338 1087 nomine

186 1126 325 1206 Domini,
346 1133 379 1192 et
395 1126 584 1246 accipientes
599 1127 667 1214 ejus
683 1127 844 1247 Spiritum.
889 1127 1018 1192 ¹Abluti
1032 1135 1139 1192 antem
1153 1147 1261 1190 snmus
1275 1146 1339 1191 non

185 1230 393 1298 substantiam
419 1231 566 1317 corporis,
590 1253 691 1317 neque
715 1231 881 1320 imaginem
904 1229 1074 1318 plasmatis,
1098 1230 1154 1296 scd
1176 1228 1339 1316 pristinam

185 1333 333 1401 vanitatis
347 1333 621 1400 conversationem.

670 1606 764 1707 ιαφ.
791 1608 849 1696 ια.

187 1779 249 1856 De
274 1777 483 1879 dffereotio
506 1780 634 1858 mortis
659 1793 691 1857 et
716 1781 806 1872 uitoe,
835 1783 983 1882 afflatus
1009 1781 1091 1858 ιιιία
1116 1794 1148 1857 et
1172 1780 1340 1882 Spiritus

262 1899 503 1998 uiorflcontis:
541 1912 574 1975 et
601 1899 779 2000 quomodo
810 1901 938 1976 eodem
967 1899 1170 1977 substantio
1200 1899 1340 1988 ααιιιιά,

263 2044 341 2116 qua
358 2031 504 2094 mortuo
520 2031 579 2108 est,
599 2017 790 2094 reviviscit.

191 2212 222 2261 1.
286 2189 378 2260 ³¹92
424 2189 493 2289 γὰρ
541 2193 674 2289 φθορᾶς
712 2189 954 2275 ἕπιδεκτιιιη
938 2224 955 2273 η
1002 2189 1100 2291 σὰρξ,
1141 2185 1243 2269 οὕτως·
1286 2191 1479 2294 reipsum·

189 2304 392 2443 ἀφθαρσίας·
416 2303 470 2374 καὶ
490 2305 530 2380 ὡς
548 2299 760 2385 θανάτου,“
723 2334 823 2379 ουτως
840 2335 894 2373 ιιαι
880 2301 1052 2404 ζωῆς...
1066 2333 1141 2373 ,και
1130 2303 1341 2403 ἆμφότερα
1354 2255 1474 2386 {ss¹3&

189 2418 227 2488 οὗ
252 2417 338 2500 μένει
369 2411 457 2485 κατὰ
484 2412 527 2486 τὸ
554 2411 645 2499 adri,
677 2414 757 2484 ἀλλ’
781 2412 1019 2508 ἐξωθεῖται
979 2447 1023 2486 το
1048 2417 1163 2515 liv-spor
1193 2413 1258 2486 ὑπὸ
1282 2423 1344 2488 τοῦ

190 2529 314 2627 ἑτέρου,
339 2525 392 2596 καὶ
420 2527 589 2624 παρόντος
613 2531 676 2597 τοῦ
701 2526 815 2625 ἑτέρου
841 2525 1020 2625 ἆναιρεῖται
1045 2525 1088 2598 τὸ
1117 2529 1242 2626 ἕτερον.
1294 2527 1343 2599 Εἰ

191 2672 246 2712 ουν
272 2641 290 2710 ὁ
315 2635 457 2714 θάνατοι
483 2639 706 2735 ἐπικρατήσας
728 2643 791 2709 τοῦ
815 2637 989 2738 ανθρώπου
1014 2637 1134 2733 ἔξωσιν
1160 2641 1342 2723 cinericia

191 2751 282 2854 ζωὴν,
304 2750 359 2821 καὶ
389 2747 500 2850 νεκρὸν
526 2746 687 2844 ἀπέδειξε·
722 2753 844 2841 πολλῷ
867 2753 1002 2836 μᾶλλον
1029 2755 1047 2833 ἡ
1075 2750 1138 2852 ζωὴ
1165 2753 1342 2851 ἐπικρατή-

81 2887 168 2929 Μ··ῦ·
188 2896 283 2938 σασα
303 2863 406 2937 αὐτοῦ
422 2863 605 2936 ἀπωθεῖται
630 2860 693 2934 τὸν
716 2859 868 2949 θάνατον,
887 2863 939 2936 καὶ
960 2861 1068 2965 ζῶντα
1087 2862 1149 2937 τὸν
1167 2863 1341 2966 ἄνθρωπον

653 3089 757 3156 ΟΑΡ.
780 3087 868 3154 ΧΙΙ.

254 3249 285 3311 1.
327 3243 369 3308 Irv
386 3243 499 3331 quibua
517 3242 614 3332 igitur
633 3244 829 3332 periebamus
848 3245 1006 3327 membris,
1026 3255 1190 3334 operantes
1211 3270 1250 3316 ea
1272 3272 1341 3336 quae

188 3356 262 3414 sunt
273 3347 465 3436 corruptelae,
475 3347 509 3412 in
523 3348 634 3414 iisdem
648 3348 726 3435 ipsis
739 3347 940 3429 vivificamur,
951 3359 1115 3436 operantes
1129 3373 1168 3418 ea
1179 3373 1252 3440 quae
1267 3362 1342 3419 sunt

190 3452 335 3538 Spiritus.
379 3451 647 3534 Quemadmodum
666 3451 750 3517 enim
764 3453 947 3538 corruptelae
967 3461 1017 3520 est
1031 3475 1130 3542 capax
1144 3477 1226 3535 earo,
1249 3455 1342 3522 sicet

188 3552 420 3639 incorruptelam
443 3561 477 3619 et
489 3555 750 3640 quemadmodum
764 3555 884 3636 mortis,
905 3555 950 3622 sic
965 3564 998 3622 et
1011 3556 1094 3623 vitae.
1133 3555 1215 3624 Haeo
1236 3567 1342 3624 autem

189 3655 322 3722 invicem
337 3657 461 3735 cedunt,
481 3665 514 3722 et
528 3666 660 3746 unaque
674 3680 738 3725 non
758 3668 942 3744 permanent
957 3659 990 3724 in
1005 3660 1148 3748 idipsum,
1167 3661 1225 3726 sed
1238 3661 1342 3748 expel-

194 3757 269 3822 litur
289 3758 422 3823 altemm
443 3761 484 3824 ab
510 3761 619 3840 altero,
642 3769 675 3826 et
695 3769 850 3848 praesente
870 3761 969 3828 altero
990 3763 1097 3829 interit
1116 3764 1258 3830 alterum.
1308 3765 1342 3830 si

190 3860 286 3948 igitur
304 3883 390 3927 mors
409 3863 571 3948 possidens
590 3865 748 3930 hominem
767 3865 886 3952 expulit
900 3867 941 3932 ab
956 3889 993 3933 eo
1007 3868 1114 3949 vitam,
1133 3879 1166 3935 et
1186 3879 1343 3938 mortuum

190 3965 344 4044 ostendit;
367 3965 468 4032 multo
488 3969 590 4056 magis
610 3969 675 4034 vita
695 3969 858 4056 possidens
876 3969 1035 4037 hominem
1055 3972 1181 4059 expellit
1198 3983 1342 4056 mortem,

238 4164 248 4197 ¹
266 4164 311 4216 On.
330 4164 382 4226 too,
406 4164 544 4231 indicating
558 4167 665 4231 perhaps
681 4166 738 4228 λιιι,
842 4165 931 4218 ’Har
954 4168 1038 4218 θιααα
1054 4185 1128 4232 usqum
1144 4169 1180 4220 od
1195 4171 1243 4221 iota
1263 4173 1344 4224 Ειαία

187 4247 238 4297 and
254 4248 280 4297 in
291 4247 335 4297 the
351 4246 457 4311 original
472 4249 532 4296 τάδε
547 4249 580 4298 τὰ
595 4251 639 4309 τῆς
655 4250 742 4312 σαρκὸς
790 4250 868 4312 mdc,
887 4252 936 4300 oro
953 4251 1042 4303 rents
1057 4255 1195 4316 προσώπου,
1214 4255 1301 4306 Qum
1315 4273 1344 4308 αι

188 4330 346 4393 προειρημένα
356 4329 424 4392 ἔργα.
791 4331 906 4382 Douma.
930 4333 1047 4382 Parada.
1069 4333 1190 4398 ἅθιοιὴιια
1207 4337 1343 4401 publicavit

236 4408 443 4471 'abluimus
457 4426 485 4460 as
501 4411 544 4460 the
556 4411 639 4460 Greek
649 4411 742 4461 middle
791 4413 935 4465 Hanania
956 4415 985 4464 in
1011 4416 1067 4466 Vra
1090 4417 1180 4468 Irraoei
1200 4435 1260 4482 pap.
1285 4435 1340 4485 494·

187 4492 264 4552 voice,
277 4493 473 4555 απιλοιιαιίμεθα,
485 4493 536 4542 and
546 4493 572 4542 in
583 4509 600 4542 a
610 4493 741 4543 transitive
791 4495 895 4546 Gmn.

188 4588 266 4624 senas.

289 4681 362 4727 von.
383 4681 417 4728 ιι.
1200 4669 1242 4731 22
