3260 5082
315 405 383 474 414
707 419 836 474 seusu
862 419 1082 474 enoumsuu

177 593 271 680 pauiu¹
316 573 460 660 promisit
482 574 634 662 putribus,
650 581 683 642 et
705 597 837 664 regnare
859 575 893 640 in
917 597 972 642 es.
995 583 1068 662 post
1088 573 1200 640 deinde
1222 571 1290 639 lieri
1307 571 1472 659 judicium.

149 641 249 773 6έῖξὲ
249 642 301 774 ivit
318 676 358 742 In
379 699 442 765 qus
461 678 546 744 enim
566 677 743 746 conditione
764 679 991 758 laboraverunt,
1008 678 1089 744 ¹sive
1102 677 1211 743 afflicti
1225 685 1311 755 sunt,
1325 674 1473 742 omnibns

179 779 273 820 ΨΜ·
149 781 417 868 *modis
442 781 565 868 probuti
588 804 644 869 per
665 783 886 859 sufferentiam,
899 785 1020 870 justum
1044 781 1125 848 est
1116 803 1149 846 ru
1170 781 1239 867 ipss
1260 780 1397 865 recipere
1416 799 1473 844 eos

149 854 436 950 *fructu
450 885 659 950 sufferentis:
683 893 717 950 et
730 907 793 970 qua
806 886 985 951 conditione
1005 885 1160 950 interfecti
1175 891 1249 948 sunt
1263 893 1391 970 propter
1408 881 1471 946 Dei

315 986 523 1064 dilectionem,
539 987 572 1052 in
598 987 667 1074 ipse
691 987 860 1054 vivilioeri:
883 997 917 1054 et
942 989 976 1054 in
998 1010 1061 1076 que
1086 987 1265 1054 conditione
1287 985 1470 1051 servitutem

307 1089 538 1169 sustinuerunt,
555 1089 672 1178 inipso
689 1113 820 1180 regnare
834 1113 899 1158 eos.
945 1093 1043 1158 Dives
1056 1092 1141 1157 enim
1161 1091 1193 1156 in
1209 1091 1355 1156 omnibus
1370 1088 1469 1168 Deus,

315 1202 350 1260 ot
370 1183 476 1260 omnis
496 1202 571 1260 suut
591 1196 669 1282 ejus.
706 1195 840 1282 Oportet
860 1218 935 1283 ergo
950 1205 983 1260 et
1002 1196 1102 1282 ipsum
1124 1194 1336 1260 conditionem
1356 1191 1471 1257 reinte-

316 1306 439 1384 grstsm
461 1297 502 1362 od
525 1297 700 1384 pristinum,
727 1298 812 1365 ’sine
843 1299 1051 1385 prohibitione
1074 1298 1190 1364 servire
1208 1297 1323 1383 justis:
1356 1303 1390 1360 et
1409 1295 1470 1360 hoo

282 1409 288 1422 '
317 1399 490 1486 Apostolus
504 1399 578 1466 lecit
592 1401 793 1467 menifestum
807 1401 839 1466 in
853 1424 892 1468 ea
905 1423 976 1489 quae
991 1410 1039 1468 est
1052 1402 1092 1466 sd
1105 1401 1274 1478 Romanos,
1283 1399 1329 1465 sie
1341 1399 1468 1464 dioens:

153 1503 268 1598 ffiplt
315 1501 405 1566 Nam
426 1503 604 1587 easpeotatio
632 1512 785 1568 ereatura
815 1504 1029 1570 reoehtioaem
1048 1503 1189 1586 fib'orum
1217 1502 1282 1567 Dei
1310 1509 1470 1587 eaopeotat.

324 1602 466 1668 Vanitati
476 1605 556 1668 enim
569 1613 714 1670 ereatura
728 1604 859 1689 sabjecta
875 1615 925 1686 at,
938 1629 999 1672 aaa
1013 1607 1122 1684 voleus,
1134 1605 1188 1671 eod
1194 1615 1323 1692 propter
1333 1626 1402 1668 eura
1415 1600 1472 1689 qui
1599 1615 1600 1638 ³

315 1703 442 1790 eab'aoit
457 1705 492 1770 ia
507 1726 578 1790 spe:
601 1707 747 1791 quoniam
767 1716 797 1771 et
819 1707 889 1792 ipa
910 1718 1055 1774 ereatura
1078 1705 1260 1780 liberabitur
1279 1729 1301 1771 a
1326 1704 1471 1772 servituto

316 1808 507 1894 aratam
523 1807 559 1872 ia
580 1807 749 1874 libertatem
766 1809 876 1896 aleria
889 1811 1032 1892 fllia-raa
1049 1811 1126 1878 Dei.

383 1931 414 1995 2.
455 1929 508 1995 Sia
522 1950 598 2016 ergo
614 1937 647 1995 et
660 1931 825 2016 promissio
849 1931 921 2010 Dei,
938 1953 1033 2018 quom
1053 1929 1198 2018 promisit
1214 1929 1364 2008 Abrshae,
1379 1927 1470 1994 firme

151 2043 203 2130 ἧφι
213 2045 257 2084 ¹¹¹¹·
266 2047 295 2093 ¹⁴·
316 2039 503 2116 perseveret.
548 2031 640 2097 Dixit
654 2033 758 2098 enim:
784 2035 914 2120 Respice
926 2056 1047 2100 surtran
1060 2034 1165 2112 oeulis,
1181 2042 1209 2098 et
1224 2033 1294 2098 eide
1307 2055 1328 2096 a
1343 2031 1404 2096 beo
1417 2031 1470 2096 boo

315 2133 369 2200 ubi
382 2156 464 2201 uuae
478 2145 511 2201 ta
532 2157 571 2214 ee,
587 2138 633 2202 ad
645 2137 839 2223 Aquilonem,
862 2147 890 2202 et
904 2139 1061 2224 Africam,
1078 2148 1107 2203 et
1133 2138 1296 2215 Orientem,
1321 2145 1350 2201 et
1363 2135 1468 2210 Mare,

315 2239 458 2326 qaooiam
484 2261 598 2305 omnem
623 2235 749 2320 terram,
765 2265 856 2328 qaam
879 2251 913 2307 ta
941 2241 1033 2320 vides,
1057 2241 1113 2306 tibi
1138 2239 1215 2306 dabo
1237 2250 1265 2304 et
1288 2239 1397 2304 semini
1419 2247 1469 2303 tuo

150 2363 254 2406 nasu.
265 2365 293 2410 rr.
315 2361 406 2459 usquo
419 2342 454 2405 ia
467 2342 694 2427 sempiternam.
738 2341 793 2408 Et.
804 2343 917 2408 iterum
936 2343 1000 2408 eit:
1023 2344 1158 2460 Saracena
1179 2341 1338 2429 inprobare
1353 2349 1470 2406 terram

314 2444 350 2507 ia
372 2443 590 2528 loupitadiaem
611 2446 684 2530 aas,
707 2454 735 2510 et
760 2447 795 2510 ia
818 2445 1023 2524 latitudinem,
1038 2446 1184 2532 quoniam
1203 2445 1261 2510 tibi
1281 2443 1360 2510 dabo
1381 2463 1467 2510 eam:

150 2575 203 2661 pipp
208 2573 242 2660 pp.
251 2575 282 2660 ps
314 2554 348 2611 et
371 2567 433 2612 non
457 2547 612 2647 occepit
603 2570 636 2612 ιιι
660 2547 714 2612 ille
749 2549 978 2628 haereditatem,
1005 2570 1063 2613 neo
1097 2548 1265 2636 vestigium
1289 2546 1388 2633 pedis,
1412 2545 1468 2611 sed

314 2669 436 2736 semper
449 2651 630 2738 peregrinus
652 2659 685 2716 et
702 2651 850 2716 advenn'
841 2673 873 2715 rn
889 2673 927 2717 ea
946 2651 1015 2716 fuit.
1063 2651 1108 2715 Et
1128 2651 1253 2738 quando
1275 2657 1400 2715 mortus
1419 2657 1469 2714 est

150 2778 238 2862 pann
210 2778 269 2818 ιι.
316 2753 396 2819 Sera
419 2775 499 2818 uxor
527 2754 605 2838 ejus,
630 2753 804 2818 volentibus
834 2753 958 2819 Ethaeis
981 2755 1120 2842 gratuito
1145 2755 1248 2819 looum
1271 2753 1398 2818 dare
1369 2775 1410 2831 er,
1433 2761 1469 2817 ut

182 2835 223 2873 ’ἦ
314 2855 458 2942 sepeliret
477 2877 558 2932 eom,
580 2855 680 2920 noluit
702 2855 853 2943 occipere,
873 2858 929 2922 sed
948 2857 1025 2922 emit
1048 2865 1294 2934 monumentum,
1309 2855 1469 2944 8(ιιιιιιίιίιιω
1483 2883 1514 2926 ιι.
1522 2887 1570 2928 m.

313 2967 426 3044 gentos
440 2959 519 3023 dans
534 2957 732 3023 didrachmas
745 2960 879 3046 argenti,
895 2961 936 3025 sb
952 2961 1061 3026 Effron
1078 2962 1142 3026 filio
1159 2961 1237 3026 Seor
1261 2959 1386 3038 Ethaeo,
1401 2980 1468 3023 sus·
1483 2989 1508 3031 ι,
1519 2993 1563 3030 m

314 3059 420 3124 tineus
434 3059 672 3146 promissionem
688 3061 760 3139 Dei,
776 3073 809 3126 et
823 3063 932 3128 nolens
946 3063 1043 3130 videri
1064 3063 1206 3152 occipere
1226 3065 1266 3129 ab
1281 3062 1468 3140 hominibus,

150 3188 284 3229 oensem
315 3163 441 3249 quodsi
459 3159 644 3250 promiserat
669 3164 743 3230 dure
763 3165 862 3244 Deus,
883 3167 990 3232 dieens
1007 3167 1036 3233 ei
1056 3168 1170 3233 iterum
1189 3167 1254 3232 sio:
1278 3165 1398 3231 Semini
1418 3175 1470 3230 tao

315 3267 392 3332 dabo
416 3277 533 3334 terram
554 3267 642 3349 baua,
658 3291 680 3334 a
693 3271 826 3354 flumine
843 3272 989 3359 AEpypti,
1011 3295 1104 3360 usque
1125 3271 1172 3337 ad
1184 3273 1303 3357 flamen
1326 3291 1470 3356 amputare

314 3369 517 3458 Eupbrataa.
563 3371 597 3437 Si
613 3393 688 3460 ergo
702 3371 775 3438 huie
789 3373 932 3459 promisit
951 3373 1040 3440 Deus
1058 3374 1274 3442 haereditstem
1288 3379 1390 3450 terroe,
1405 3391 1469 3437 non

314 3474 436 3560 seoepit
457 3481 565 3540 eutem
585 3474 616 3540 in
638 3475 724 3541 omni
746 3497 803 3541 suo
826 3475 973 3555 incolatu,
997 3485 1122 3562 oportet
1142 3499 1216 3543 eum
1236 3475 1376 3562 occipere
1395 3495 1469 3539 oum

314 3577 433 3644 semine
453 3599 521 3656 suo,
536 3578 597 3644 hoe
616 3585 674 3660 est,
691 3577 744 3666 qui
763 3579 876 3645 timent
896 3579 1000 3644 Deum
1018 3588 1052 3646 et
1072 3581 1202 3646 eredunt
1220 3579 1254 3644 in
1274 3599 1357 3657 eum,
1372 3576 1404 3641 in
1419 3598 1469 3642 re-

314 3679 505 3745 surreetione
515 3679 682 3767 justorum.
727 3679 841 3746 Semen
855 3687 961 3747 sutem
972 3683 1041 3768 ejus
1053 3679 1195 3748 Ecclesia
1208 3702 1264 3766 per
1277 3679 1469 3744 ⁴Dominum

314 3781 514 3868 adoptionem
536 3805 606 3869 quae
626 3791 675 3848 est
696 3782 737 3847 ed
756 3781 860 3848 Deum
880 3782 1046 3869 accipiens,
1065 3783 1146 3850 sieut
1163 3783 1287 3850 dioebst
1306 3779 1330 3846 J
1332 3781 1471 3848 ohannes
1599 3851 1600 3854 ,

151 3916 267 3958 ruerus
317 3883 480 3972 Baptista:
508 3883 657 3966 Quoniam
676 3893 784 3973 potate
806 3893 849 3950 eet
871 3884 958 3951 Deae
983 3885 1021 3952 do
1046 3885 1203 3974 lapidibus
1225 3886 1371 3952 uaaitare
1384 3883 1472 3965 filios

364 4121 438 4172 ιιιίι
453 4119 537 4184 nffiiate'
550 4127 613 4182 eunt,
632 4135 647 4170 e
663 4119 785 4184 marginal
801 4121 868 4184 glore
917 4122 1017 4182 Auctor,
1041 4122 1187 4186 τετρακόσια
1205 4123 1325 4184 δίδραχμα
1348 4121 1470 4184 ἀργυρίου,

315 4221 383 4272 npou
394 4203 571 4264 ὒιιιιιιιιιιιιι,
585 4205 724 4254 ἐκοπιῶιτο,
917 4202 1111 4266 quadringentae
1127 4202 1283 4252 udnohmu
1299 4202 1404 4266 ergenu,
1424 4202 1471 4253 loo.

362 4285 375 4318 ¹
390 4287 443 4336 ιιίιι
452 4285 619 4349 prohibitione,
633 4287 768 4336 ἀκωλύτως.
918 4283 1038 4334 Fenus».

364 4365 744 4432 'Eapuueimuoqusdrsginm
758 4365 867 4430 etquod-
966 4363 1089 4414 *Gustu
1106 4363 1217 4425 Domine,
1205 4364 1210 4377 '
1235 4365 1282 4414 but
1294 4363 1421 4413 corrected
1437 4365 1473 4430 by

315 4448 441 4510 ringentes
468 4448 625 4512 repoeuiraia.
672 4449 776 4512 viana
803 4447 868 4496 euim
918 4443 1013 4504 Mnes,
1032 4444 1076 4494 the
1092 4445 1173 4494 Voss
1191 4401 1292 4509 hiring,
1309 4461 1337 4494 ee
1354 4445 1473 4496 &rum

314 4527 576 4599 attaminatum,
590 4529 868 4594 qnedringentoreiolos
916 4543 982 4591 seyr,
1005 4527 1063 4587 Dm,
1094 4525 1175 4576 whioh
1202 4527 1318 4618 however
1344 4541 1476 4589 expresses

314 4591 419 4675 argenti.
453 4611 483 4660 st
501 4611 666 4676 Septuapiata,
687 4627 745 4676 quoe
760 4611 868 4675 nequiter
917 4609 1005 4660 Dan.
