3270 5080
593 400 640 452 ΕΤ
665 399 837 454 CARI'I'AS.
1213 383 1279 447 263

125 556 374 622 additamentum
386 577 486 642 neque
499 554 687 620 ablationem
699 553 859 640 recipiens,
876 561 908 618 et
922 553 1015 619 lectio
1025 553 1093 618 sine
1106 553 1278 631 falsatione,
1292 559 1347 599 ΜΒ·
1359 559 1398 644 {Y-
1408 557 1447 598 Μ

126 671 160 726 et
181 659 352 726 secundum
379 659 557 744 Scripturas
584 659 738 745 expositio
764 659 905 746 legitima
927 669 960 725 et
986 658 1129 746 diligens,
1154 666 1187 723 et
1212 657 1280 722 sine
1293 651 1386 738 Ἢξ
1395 649 1446 736 ¹1¹3}

127 763 265 851 periculo
287 771 320 828 et
346 762 414 828 sine
435 762 646 848 blasphemia:
677 770 711 828 et
732 763 939 849 ¹praecipuum
961 761 1136 828 dilectionis
1157 781 1281 836 munus,
1315 745 1418 784 ‘mm

128 866 212 953 qnod
237 873 285 930 cst
308 865 474 951 pretiosius
496 887 590 951 quern
618 865 748 952 agnitio,
774 865 940 952 gloriosius
963 875 1069 930 autem
1095 883 1188 951 quam
1212 884 1281 950 pro.
1295 861 1439 950 {mpl-

127 969 245 1055 pbetia,
261 969 405 1034 omnibus
419 975 525 1034 antem
539 967 666 1055 reliquis
680 968 920 1035 charismatibus
934 967 1196 1055 ‘supereminens

595 1245 697 1314 uAP.
722 1246 815 1313 LIV.

131 1403 294 1480 ostensio
318 1402 415 1503 qnod
431 1400 601 1477 Ecclesia
619 1415 846 1477 uolitantum
858 1401 1064 1501 perfectam
1080 1399 1211 1475 lrabeat
1228 1399 1286 1474 cli-

35 1529 38 1534 '
207 1521 400 1614 lectionem,
429 1519 493 1596 sed
518 1521 692 1621 quonium
718 1535 750 1596 et
775 1519 943 1620 Spiritus
968 1518 1044 1594 Dei
1068 1545 1179 1619 ςιιριν
1204 1544 1286 1593 eam

206 1636 405 1738 requiescit.

133 1807 367 1889 anraorrnu
392 1803 535 1869 Ecclesia
560 1804 644 1868 omni
669 1804 702 1868 in
725 1803 794 1869 loco
815 1804 856 1868 ob
882 1825 950 1868 eam
975 1823 1070 1890 quam
1093 1801 1189 1868 hebet
1212 1821 1288 1888 erga

132 1909 237 1974 Deum
266 1907 472 1984 dilectionem,
503 1906 734 1972 multitudinem
765 1914 938 1993 martyrum
967 1906 1001 1970 in
1035 1905 1120 1970 omni
1148 1913 1288 1988 temporo

131 2011 311 2099 ³praemittit
325 2011 366 2075 ed
388 2010 537 2084 Patrem;
560 2008 686 2096 reliquis
700 2017 807 2074 autem
827 2008 971 2074 omnibus
988 2009 1067 2072 ⁴nou
1087 2015 1210 2072 tontum
1225 2028 1288 2071 non

131 2114 318 2179 habentibus
332 2113 413 2177 bunc
430 2133 497 2176 rem
512 2111 674 2176 ostendere
688 2111 771 2197 apud
791 2133 835 2188 se,
851 2111 908 2176 scd
924 2133 1024 2197 neque
1044 2111 1169 2196 quidem
1183 2131 1289 2174 neces·

130 2219 247 2284 sarium
269 2239 338 2283 esse
362 2215 537 2282 dicentibus
562 2215 625 2280 tale
651 2214 853 2300 martyrium
888 2219 976 2278 ⁶esse
999 2214 1083 2278 enim
1108 2212 1290 2298 martyrium

131 2344 239 2387 verum
267 2319 455 2386 sententiam
483 2339 601 2395 eorum,
626 2317 686 2381 nisi
714 2315 741 2382 si
763 2337 844 2380 unus
870 2324 927 2380 aut
952 2315 1014 2380 duo
1036 2315 1211 2400 aliquando,
1235 2335 1291 2399 per

131 2447 224 2492 omne
238 2432 363 2508 tempus
376 2444 417 2486 ex
431 2443 492 2508 quo
508 2420 663 2484 Dominus
677 2419 821 2505 apparuit
838 2417 871 2481 in
891 2417 992 2496 terris,
1013 2440 1085 2482 cum
1103 2417 1291 2503 martyribus

131 2527 247 2592 nostris
261 2524 350 2611 quasi
365 2533 398 2588 et
418 2524 484 2609 ipse
504 2520 748 2587 misericordiam
768 2528 963 2598 consecutus,
985 2517 1183 2605 opprobrium
1198 2517 1291 2583 simul

132 2627 283 2715 bajulavit
297 2625 441 2704 nominis,
461 2633 579 2689 etcum
600 2623 645 2689 eis
664 2623 777 2688 ductus
796 2631 856 2700 est,
872 2621 955 2688 velut
974 2620 1128 2708 ⁰adjectio
1147 2621 1291 2706 quaedam

133 2731 251 2795 donata
264 2728 319 2793 eis.
357 2727 565 2814 Opprobrinm
577 2726 660 2792 enim
675 2747 783 2791 eornm
798 2725 850 2814 qui
870 2723 1117 2811 persecutionem
1130 2723 1291 2809 patiuntur
1305 2741 1393 2782 κιαι.
1402 2741 1432 2780 ιο.

134 2839 261 2920 propter
284 2829 461 2919 'justitiam
487 2837 520 2894 et
544 2850 651 2894 omnes
676 2849 787 2916 poenus
814 2827 980 2906 sustinent,
1007 2834 1040 2891 et
1064 2826 1291 2902 mortificantur

134 3065 164 3103 11.
188 3053 204 3103 i.
230 3066 332 3112 12-14,
350 3051 411 3100 with
428 3067 443 3100 a
459 3049 561 3100 definite
571 3049 641 3113 somn
657 3047 688 3112 cf
737 3048 801 3098 θείας
818 3049 905 3096 κανόνα
921 3049 1093 3110 διασαφοῦντες
1110 3049 1153 3098 πός
1169 3049 1273 3110 γραφείς.

127 3135 199 3198 scith
214 3134 384 3199 traditionully
395 3132 599 3183 communicatcd.
634 3135 684 3181 Πο·
785 3131 920 3181 ⁷Anurtn.
932 3131 1077 3196 pleniorimc
1088 3132 1236 3192 tractatione,
1251 3148 1291 3182 αα·

132 3219 226 3279 ραθήκη
244 3219 293 3280 γὰρ
316 3219 474 3278 ἀποδιδομένη
496 3217 557 3278 θεῷ,
583 3216 599 3275 ὴ
621 3217 685 3265 rard
736 3227 780 3275 que
798 3213 943 3262 mbram
959 3213 1083 3277 recipiam,
1100 3213 1173 3275 lectio,
1188 3215 1241 3276 dte„
1258 3214 1290 3264 al.

132 3299 227 3356 τδρποΰ
235 3297 324 3360 Kopion
333 3298 497 3356 διδασκαλίαν,
508 3298 547 3345 διὰ
555 3297 602 3344 πᾶν
609 3295 683 3345 'Arc
737 3293 856 3354 tractatio,
869 3293 919 3342 and
930 3309 957 3342 as
968 3295 1055 3346 above.

133 3379 228 3428 στόλων
239 3381 318 3440 aaut,
333 3381 375 3438 τῆς
391 3380 516 3443 θεοσεβοῦς
531 3379 686 3440 παραδόσεως
789 3375 800 3406 ²
816 3377 856 3425 rel
872 3377 901 3425 πό
924 3377 1045 3439 ἐξαίρετον
1061 3379 1104 3438 τῆς
1128 3379 1227 3440 ἀγάπης
1247 3377 1292 3439 xd-

133 3462 226 3511 circeis
236 3461 313 3510 τεκαὶ
324 3463 475 3521 συνόσκησις.
511 3459 684 3520 Andfurtber,
737 3475 820 3522 ρισμα.

133 3543 184 3592 tbis
201 3544 331 3606 παραθήκη
346 3559 405 3603 was,
425 3543 560 3606 according
576 3547 604 3591 tc
621 3542 685 3590 Onl-
786 3538 1058 3603 ’Μαρπήσσης
1070 3541 1193 3605 ι’νπόρεχον.
1207 3541 1239 3590 nl.
1252 3556 1291 3591 ιιι·

134 3637 215 3684 usur,
228 3640 244 3673 α
254 3625 386 3688 saleguard
392 3625 431 3673 for
438 3625 481 3674 the
491 3625 561 3688 right
567 3624 686 3688 interpre-
734 3621 931 3684 pereminentiuc.

133 3704 253 3752 tationes
269 3704 403 3768 Scriptura,
417 3706 529 3769 shewing
538 3705 595 3754 that
606 3705 632 3752 in
644 3705 687 3752 the
788 3701 799 3733 ³
811 3701 947 3765 premittit,
962 3704 1110 3764 προπέμπει.

134 3784 231 3833 earliest
248 3801 306 3848 ages
323 3787 366 3834 the
382 3787 466 3836 creeds
482 3787 511 3834 ol
524 3787 568 3835 the
585 3785 686 3835 Ohurcb
788 3782 800 3814 ⁴
815 3799 865 3832 aon
882 3790 983 3844 umam,
1003 3785 1108 3834 omitted
1124 3785 1184 3848 only
1201 3785 1228 3833 iu
1250 3785 1293 3834 th·

134 3866 221 3916 serrcd
245 3882 273 3914 as
302 3867 396 3916 critical
422 3871 492 3928 testa,
522 3873 548 3916 tu
575 3872 688 3932 separate
740 3868 820 3916 Voss
840 3867 909 3929 MS„
928 3867 978 3916 arrd
994 3869 1127 3932 expunged
1142 3869 1176 3932 by
1187 3869 1290 3929 Garun,

134 3955 191 3998 truc
212 3949 276 3997 from
298 3949 449 4012 apocrypbal
471 3949 597 4012 Scriptura
608 3965 615 4010 ;
641 3950 689 3998 but
740 3955 767 3998 tc
779 3949 822 3998 the
833 3949 917 4014 injury
928 3949 957 3998 ol
964 3950 1007 3998 the
1017 3965 1096 4000 seusa

134 4031 166 4080 hc
188 4031 302 4079 nowhere
329 4034 420 4078 asserto
445 4030 489 4078 the
513 4045 637 4092 converse,
660 4045 689 4078 cs
790 4029 874 4091 ⁶F0r,
889 4030 1076 4093 artbeycffirsu,
1093 4029 1157 4079 σόαι·
1172 4037 1295 4081 maron

135 4110 250 4160 mcdcrns
264 4117 339 4171 murt,
354 4125 384 4158 or
396 4110 518 4159 maintain
531 4111 588 4160 that
600 4125 689 4159 canon·
740 4110 806 4161 tba‘r
821 4120 875 4162 truc
896 4113 1007 4170 autom,-
1029 4114 1068 4162 for
1089 4127 1135 4162 ecre
1156 4113 1228 4174 enim,
1250 4115 1294 4164 the

134 4193 182 4241 iccl
200 4192 328 4256 Scriptura
350 4193 371 4240 is
390 4191 434 4240 the
451 4191 511 4254 only
528 4191 636 4239 roucher
652 4191 691 4239 lor
742 4193 794 4242 An.
808 4194 990 4244 buccarum.

135 4274 178 4322 the
194 4274 318 4322 doctrines
334 4273 364 4321 os
378 4273 422 4321 the
440 4272 525 4321 Oreed.
561 4272 613 4320 For
628 4271 691 4320 Cult-
791 4275 927 4339 ‘adjectio
950 4293 1076 4342 οοοῳαιιρ.
1124 4279 1165 4340 So,
1192 4277 1295 4329 Cluvius

136 4367 207 4404 ηας
218 4355 334 4419 proceeds
346 4359 372 4404 tc
384 4371 429 4419 say
440 4355 470 4402 of
479 4355 537 4402 that
548 4353 629 4402 which
639 4353 690 4402 bad
742 4357 855 4406 comitatu
872 4358 995 4421 principia
1012 4359 1122 4422 adjectus.
1146 4361 1209 4410 Tro.
1226 4361 1292 4411 His

135 4437 197 4492 been
211 4437 381 4502 truditiounlly
392 4436 504 4486 received
515 4437 549 4500 by
562 4435 689 4496 believers,
743 4437 767 4486 ii.
789 4435 828 4498 65.
862 4439 916 4487 The
933 4439 1016 4488 Greek
1032 4441 1154 4506 probably
1170 4457 1221 4490 was
1239 4442 1296 4490 ὡσεὶ

135 4522 321 4584 μεγαλοφρόνως
331 4539 359 4570 τε
371 4521 526 4580 ἐκδεξάμενοι,
542 4521 582 4568 καὶ
600 4520 690 4582 όψηγό·
744 4522 899 4582 παραπομπή
915 4538 951 4571 πις
968 4524 1128 4584 κεχαρισμένη
1139 4524 1226 4572 αι’νσοῖς.
1292 4541 1295 4546 ·

137 4610 182 4655 Ρως
197 4606 374 4668 παραδιδόντες,
392 4605 431 4652 rcl
445 4603 509 4652 κοπδ
522 4604 563 4651 τόν
577 4604 620 4662 τῆς
632 4602 690 4662 dbo-
792 4601 803 4635 ⁷
820 4603 930 4664 Onam,
945 4604 1006 4664 Aa„
1020 4603 1111 4664 Voss,
1125 4603 1242 4666 justitias.
