3334 5070
345 397 410 466 178
736 413 846 468 neers
871 413 1106 466 seruensmo

204 583 303 626 ιιοιι
409 563 452 630 2.
485 565 639 648 Quoniam
653 573 759 632 sutem
773 567 833 632 hoc
850 565 984 652 primum
1001 572 1034 630 et
1048 565 1219 630 maximum
1232 567 1422 652 praeceptum
1436 571 1495 644 est,

181 633 324 764 ⁰ffi²n
280 723 320 764 Ν
325 670 493 753 ·¹sequeus
515 675 621 732 sutem
636 688 712 754 erga
726 668 910 786 proximum,
931 667 1086 735 Dominus
1099 666 1215 745 docuit,
1235 673 1335 732 totam
1348 664 1450 753 legem
1464 673 1497 730 et

223 769 260 808 ¹¹¹·
269 772 287 809 ²
181 771 510 858 &prophetes
524 771 657 858 pendere
672 771 778 836 dicens
792 793 833 836 ex
847 771 923 856 ipsis
936 769 1109 857 praeceptis.
1155 767 1222 834 Et
1213 790 1280 856 rpse
1293 777 1398 833 autem
1412 768 1496 832 uliud

180 880 302 972 Ἠῶ
343 876 446 962 majus
468 875 528 940 hoo
552 881 708 962 praecepto
730 897 795 940 non
814 873 943 940 detulit:
969 873 1025 940 sed
1046 873 1138 938 hoc
1128 895 1231 958 rpsum
1251 871 1410 937 renovavit
1430 871 1496 936 suis

343 975 513 1062 discipulis,
534 977 685 1062 jubens²
689 977 735 1041 eis
762 977 866 1042 Deum
888 976 1015 1063 diligere
1035 998 1076 1040 ex
1097 973 1289 1053 totocorde,
1312 980 1497 1040 etcaetcros

344 1079 602 1165 quemadmodum
617 1101 662 1145 se.
694 1079 728 1145 si
742 1087 848 1146 sutem
862 1079 903 1145 ab
916 1079 977 1144 olio
987 1076 1215 1144 descendisset³
1220 1077 1326 1154 Patre,
1339 1097 1496 1163 nunquam

343 1205 384 1248 ex
405 1181 491 1270 Lege
510 1183 609 1269 primo
629 1190 661 1248 et
680 1203 802 1247 summo
820 1204 895 1248 usus
915 1189 998 1248 esset
1016 1189 1182 1267 praecepto,
1200 1181 1256 1246 sed
1274 1179 1381 1266 utique
1398 1181 1496 1246 omni-

344 1285 436 1351 modo
457 1285 625 1352 eniteretur
638 1287 740 1372 majus
756 1285 816 1350 hoc
835 1305 856 1349 o
874 1285 1012 1371 perlecto
1030 1283 1126 1349 Putre
1148 1283 1277 1362 deleme,
1296 1303 1360 1348 non
1380 1288 1434 1348 2οο
1449 1284 1495 1348 uti

180 1401 331 1446 consum
343 1389 427 1472 quod
440 1409 461 1453 s
475 1389 545 1453 Deo
561 1387 657 1474 Legis
671 1388 780 1454 luisset
794 1388 911 1453 datum.
959 1387 1004 1452 Et
1019 1386 1138 1452 Paulus
1152 1393 1275 1452 sutem:
1298 1386 1495 1472 Adimpleta,

181 1510 330 1550 ιαωιιιιι
343 1489 454 1576 inquit,
474 1491 560 1576 degis
573 1490 710 1556 diecto:
733 1499 767 1556 et
781 1490 923 1556 omuibus
937 1489 1059 1556 caeteris
1070 1491 1236 1568 evacuatis,
1251 1509 1376 1554 manere
1389 1489 1494 1566 fidem,

343 1615 441 1678 spem,
456 1593 670 1668 dilectionem
688 1595 837 1679 majorem
856 1601 962 1660 sutem
980 1617 1049 1660 esse
1066 1595 1204 1660 omnium
1224 1593 1438 1660 dilectionem:
1462 1599 1494 1658 et

185 1717 330 1758 rotenus
343 1716 444 1781 neque
471 1695 663 1782 agnitionem
684 1695 752 1762 sine
774 1697 939 1762 dilectione
962 1720 1032 1783 quae
1053 1707 1103 1764 est
1124 1717 1200 1784 erge
1221 1695 1325 1761 Deum
1347 1703 1495 1782 prestare

342 1797 477 1884 sliquid;
498 1821 597 1886 neque
611 1801 829 1887 mysteriorum
848 1801 1154 1890 comprehensionem
1173 1823 1273 1887 neque
1287 1800 1382 1866 fidem
1395 1821 1494 1886 neque

343 1900 547 1986 prophetiam,
573 1902 629 1967 sed
657 1903 763 1968 omnis
790 1924 887 1968 vacus
915 1911 949 1968 et
974 1905 1089 1970 frustra
1117 1926 1186 1970 esse
1213 1903 1282 1970 sine
1310 1903 1492 1969 dilectione:

342 2004 540 2070 dilectionem
551 2025 624 2071 vero
638 2007 784 2093 perficere
803 2007 974 2093 perlectum
993 2009 1168 2085 hominem
1192 2015 1226 2075 ot
1240 2029 1311 2074 eum
1327 2008 1381 2094 qui
1395 2007 1495 2094 diligit

343 2106 449 2172 Deum
470 2129 539 2174 esse
563 2110 743 2195 perlectum,
765 2118 799 2176 et
817 2111 852 2175 in
873 2111 933 2178 hoc
958 2133 1025 2178 aevo
1047 2113 1135 2177 etin
1155 2113 1269 2179 firturo.
1327 2111 1495 2198 Nunquam

343 2211 427 2276 enim
448 2211 618 2278 desinimus
648 2213 812 2301 diligentes
833 2215 957 2292 Deum;
983 2215 1040 2281 sed
1062 2215 1269 2303 quantoplus
1297 2236 1370 2280 eum
1391 2215 1494 2281 intuiti

342 2315 500 2398 fuerimus,
515 2324 605 2383 tanto
619 2317 689 2406 plus
703 2339 774 2384 eum
788 2318 956 2407 diligimus.

784 2601 885 2668 OAP.
910 2601 1056 2670 XXIII.

342 2751 403 2828 De
424 2751 652 2828 Plormcioc
677 2755 772 2852 lege:
806 2784 884 2856 qum
911 2771 994 2832 sont
1018 2757 1272 2857 particularia
1296 2769 1490 2858 precepto,

750 2885 782 2944 et
799 2899 878 2972 qum
895 2874 1082 2950 catholico.

407 3039 437 3104 1.
484 3037 526 3102 Iu
549 3039 635 3128 Lege
653 3042 749 3129 igitur
768 3043 847 3108 etin
862 3043 1033 3132 Evangelio
1048 3067 1120 3110 cum
1139 3047 1182 3110 sit
1196 3046 1331 3132 primum
1348 3053 1381 3112 et
1395 3045 1493 3112 mexi-

341 3159 427 3202 mum
441 3149 640 3227 preceptum,
657 3143 784 3230 diligere
799 3145 969 3211 Dominum
985 3146 1089 3212 Deum
1108 3168 1149 3212 ex
1162 3155 1230 3213 ιοιο
1248 3149 1358 3224 corde;
1382 3147 1493 3214 dehinc

341 3241 440 3307 simile
460 3242 514 3321 illi,
530 3243 656 3332 diligere
675 3246 850 3330 proximum
868 3249 953 3314 sicut
966 3249 1121 3334 seipsum:
1146 3271 1226 3315 unus
1241 3259 1273 3316 et
1287 3251 1370 3315 idem
1390 3261 1493 3315 osten·

342 3341 426 3407 ditur
442 3344 538 3430 Legis
552 3353 584 3410 et
599 3346 762 3433 Evangelii
777 3349 928 3416 eonditor.
966 3351 1196 3415 Oonsummetae
1211 3351 1294 3415 enim
1308 3351 1380 3414 vitae
1400 3351 1493 3435 ‘prse-

341 3451 433 3531 cepte
442 3446 475 3510 in
487 3455 617 3533 utroque
627 3448 829 3515 Testnmeuto
844 3475 916 3517 cum
929 3453 993 3518 sint
1004 3453 1123 3532 eedem,
1133 3453 1266 3518 eundem
1276 3454 1493 3517 ”ostendenmt

342 3547 464 3613 Deum:
488 3550 541 3636 qui
554 3551 753 3636 particularis
767 3553 891 3640 quidem
912 3563 1068 3643 praecepte
1082 3565 1157 3643 apta
1170 3557 1310 3644 utrisque
1323 3556 1490 3642 praecepitr

340 3651 397 3716 sed
410 3651 612 3719 eminentiore
626 3663 658 3721 et
678 3678 810 3738 summa,
826 3658 893 3724 sine
909 3659 1020 3746 quibus
1034 3661 1145 3726 salvari
1164 3682 1227 3726 non
1242 3669 1299 3740 est,
1315 3659 1347 3724 in
1362 3667 1493 3747 utroque

341 3754 449 3820 ecdem
465 3757 573 3824 suasit.
619 3759 720 3842 Quem
741 3768 848 3826 sutem
868 3785 930 3827 ιιοιι
946 3763 1118 3829 confundat
1139 3763 1304 3843 Dominus,
1327 3764 1494 3830 osteudens

340 3878 404 3922 non
415 3859 455 3923 nb
469 3858 567 3926 eltero
583 3860 653 3928 Dec
668 3884 736 3929 esse
752 3863 880 3950 Legem,
896 3865 941 3930 sic
956 3864 1104 3930 dicens
1077 3887 1123 3930 ers
1138 3865 1192 3952 qui
1209 3887 1230 3931 a
1243 3887 1278 3931 se
1292 3865 1492 3947 docebamus

180 3978 309 4020 mcum
341 3961 442 4026 turbes
464 3970 498 4026 et
520 3963 695 4051 disciprdis:
731 3966 833 4052 &spor
854 3967 1030 4032 cathedram
1051 3969 1155 4054 Moysi
1173 3969 1316 4035 sederunt
1337 3968 1444 4034 scribo
1465 3979 1495 4035 et

341 4063 509 4130 Plomsoei
556 4067 667 4132 Omoio
689 4069 792 4156 itaquo
814 4091 998 4158 qooeomzqcc
1023 4071 1160 4138 dicerint
1184 4071 1275 4154 codes,
1296 4071 1439 4138 custodito
1466 4082 1494 4138 ot

333 4167 456 4250 sooite,·
479 4169 641 4235 montom
653 4181 756 4238 cutem
772 4195 865 4260 mro
883 4195 986 4240 comm
998 4173 1224 4260 colitosooore:
1247 4176 1353 4242 decom
1366 4175 1446 4241 enim
1465 4183 1494 4240 ct

389 4350 513 4415 Ῑκφίαιί
528 4362 614 4418 mdccc,
629 4359 757 4412 ἀκόλουθοι
770 4362 856 4422 trev
857 4363 892 4427 ιρι
988 4361 1144 4426 *Μία
1181 4365 1235 4413 The
1261 4363 1362 4416 Omns.
1385 4363 1447 4413 sdds
1473 4369 1495 4413 ct

341 4431 382 4480 τὸν
400 4423 711 4493 wictrecomotoimm.
941 4441 1136 4507 Emcgdttbut
1149 4445 1238 4494 criden
1208 4445 1346 4510 crrstlyss
1330 4445 1493 4512 smpetition

390 4509 452 4560 ’eie
462 4511 548 4561 swod
558 4514 615 4566 intr.
627 4519 878 4572 omittedinthecn.
941 4523 1334 4588 iromthsrepoedingsenterm

390 4589 595 4646 ’CnstPctrs
990 4603 1224 4656 anmndmc
