<?xml version="1.0" encoding="UTF-8"?>
<!DOCTYPE html PUBLIC "-//W3C//DTD XHTML 1.0 Transitional//EN"
    "http://www.w3.org/TR/xhtml1/DTD/xhtml1-transitional.dtd">
<html xmlns="http://www.w3.org/1999/xhtml" xml:lang="en" lang="en">
 <head>
  <title>
</title>
<meta http-equiv="Content-Type" content="text/html;charset=utf-8" />
  <meta name='ocr-system' content='tesseract 3.04.00' />
  <meta name='ocr-capabilities' content='ocr_page ocr_carea ocr_par ocr_line ocrx_word'/>
</head>
<body>
  <div class='ocr_page' id='page_1' title='image "./sanctiirenaeili00irengoog_0372.png"; bbox 0 0 3276 5086; ppageno 0'>
   <div class='ocr_carea' id='block_1_1' title="bbox 458 381 1395 453">
    <p class='ocr_par' dir='ltr' id='par_1_1' title="bbox 458 381 1395 453">
     <span class='ocr_line' id='line_1_1' title="bbox 458 381 1395 453; baseline -0.007 -1"><span class='ocrx_word' id='word_1_1' title='bbox 458 399 640 453; x_wconf 76' lang='lat' dir='ltr'>nomnen</span> <span class='ocrx_word' id='word_1_2' title='bbox 668 399 845 453; x_wconf 71' lang='lat' dir='ltr'>suscitem</span> <span class='ocrx_word' id='word_1_3' title='bbox 870 399 1064 453; x_wconf 82' lang='lat' dir='ltr'>osarsrus.</span> <span class='ocrx_word' id='word_1_4' title='bbox 1273 381 1338 448; x_wconf 84' lang='lat'>361</span> <span class='ocrx_word' id='word_1_5' title='bbox 1393 397 1395 403; x_wconf 92' lang='lat'>·</span> 
     </span>
    </p>
   </div>
   <div class='ocr_carea' id='block_1_2' title="bbox 109 549 1417 2908">
    <p class='ocr_par' dir='ltr' id='par_1_2' title="bbox 109 549 1346 1568">
     <span class='ocr_line' id='line_1_2' title="bbox 186 549 1342 642; baseline -0.003 -24"><span class='ocrx_word' id='word_1_6' title='bbox 186 562 418 640; x_wconf 77' lang='lat' dir='ltr'>superterram,</span> <span class='ocrx_word' id='word_1_7' title='bbox 434 555 615 642; x_wconf 74' lang='lat' dir='ltr'>asnuyuine</span> <span class='ocrx_word' id='word_1_8' title='bbox 630 553 680 618; x_wconf 83' lang='lat' dir='ltr'>Ab</span> <span class='ocrx_word' id='word_1_9' title='bbox 681 555 711 620; x_wconf 87' lang='lat' dir='ltr'>l</span> <span class='ocrx_word' id='word_1_10' title='bbox 681 553 804 638; x_wconf 75' lang='lat' dir='ltr'>juste,</span> <span class='ocrx_word' id='word_1_11' title='bbox 822 574 913 640; x_wconf 83' lang='lat' dir='ltr'>usque</span> <span class='ocrx_word' id='word_1_12' title='bbox 927 553 973 618; x_wconf 82' lang='lat' dir='ltr'>od</span> <span class='ocrx_word' id='word_1_13' title='bbox 983 552 1161 638; x_wconf 74' lang='lat' dir='ltr'>sanquinem</span> <span class='ocrx_word' id='word_1_14' title='bbox 1174 549 1342 615; x_wconf 77' lang='lat' dir='ltr'>Zooborr&#39;oe</span> 
     </span>
     <span class='ocr_line' id='line_1_3' title="bbox 178 654 1342 744; baseline -0.001 -26"><span class='ocrx_word' id='word_1_15' title='bbox 178 655 248 738; x_wconf 73' lang='lat' dir='ltr'>fiat</span> <span class='ocrx_word' id='word_1_16' title='bbox 260 655 439 736; x_wconf 76' lang='lat' dir='ltr'>Boraehioe,</span> <span class='ocrx_word' id='word_1_17' title='bbox 460 678 547 744; x_wconf 82' lang='lat' dir='ltr'>quem</span> <span class='ocrx_word' id='word_1_18' title='bbox 560 656 709 722; x_wconf 67' lang='lat' dir='ltr'>etiamn</span> <span class='ocrx_word' id='word_1_19' title='bbox 722 659 804 720; x_wconf 79' lang='lat' dir='ltr'>irater</span> <span class='ocrx_word' id='word_1_20' title='bbox 823 655 965 741; x_wconf 79' lang='lat' dir='ltr'>ternplum</span> <span class='ocrx_word' id='word_1_21' title='bbox 980 665 1009 720; x_wconf 80' lang='lat' dir='ltr'>et</span> <span class='ocrx_word' id='word_1_22' title='bbox 1022 654 1138 719; x_wconf 80' lang='lat' dir='ltr'>altare:</span> <span class='ocrx_word' id='word_1_23' title='bbox 1162 654 1254 718; x_wconf 60' lang='lat' dir='ltr'>sium</span> <span class='ocrx_word' id='word_1_24' title='bbox 1274 654 1342 718; x_wconf 74' lang='lat' dir='ltr'>dieo</span> 
     </span>
     <span class='ocr_line' id='line_1_4' title="bbox 188 756 1417 845; baseline 0.002 -25"><span class='ocrx_word' id='word_1_25' title='bbox 188 756 279 836; x_wconf 66' lang='lat' dir='ltr'>nobes,</span> <span class='ocrx_word' id='word_1_26' title='bbox 302 760 422 824; x_wconf 80' lang='lat' dir='ltr'>venierat</span> <span class='ocrx_word' id='word_1_27' title='bbox 444 761 547 824; x_wconf 77' lang='lat' dir='ltr'>omnio</span> <span class='ocrx_word' id='word_1_28' title='bbox 569 761 629 824; x_wconf 81' lang='lat' dir='ltr'>ista</span> <span class='ocrx_word' id='word_1_29' title='bbox 652 781 743 845; x_wconf 72' lang='lat' dir='ltr'>super</span> <span class='ocrx_word' id='word_1_30' title='bbox 763 760 1004 845; x_wconf 75' lang='lat' dir='ltr'>lpeaeratiooans</span> <span class='ocrx_word' id='word_1_31' title='bbox 1026 759 1135 829; x_wconf 69' lang='lat' dir='ltr'>istorm</span> <span class='ocrx_word' id='word_1_32' title='bbox 1158 757 1417 842; x_wconf 75' lang='lat' dir='ltr'>recapitulet-¹¹</span> 
     </span>
     <span class='ocr_line' id='line_1_5' title="bbox 188 860 1343 950; baseline 0.001 -27"><span class='ocrx_word' id='word_1_33' title='bbox 188 860 307 926; x_wconf 89' lang='lat' dir='ltr'>tionem</span> <span class='ocrx_word' id='word_1_34' title='bbox 322 861 480 927; x_wconf 86' lang='lat' dir='ltr'>effusionis</span> <span class='ocrx_word' id='word_1_35' title='bbox 494 863 655 950; x_wconf 79' lang='lat' dir='ltr'>sanguinis</span> <span class='ocrx_word' id='word_1_36' title='bbox 669 865 710 927; x_wconf 87' lang='lat' dir='ltr'>ab</span> <span class='ocrx_word' id='word_1_37' title='bbox 729 863 819 928; x_wconf 93' lang='lat' dir='ltr'>initio</span> <span class='ocrx_word' id='word_1_38' title='bbox 834 862 973 928; x_wconf 89' lang='lat' dir='ltr'>omnium</span> <span class='ocrx_word' id='word_1_39' title='bbox 989 862 1146 948; x_wconf 84' lang='lat' dir='ltr'>justorum</span> <span class='ocrx_word' id='word_1_40' title='bbox 1160 869 1194 926; x_wconf 88' lang='lat' dir='ltr'>et</span> <span class='ocrx_word' id='word_1_41' title='bbox 1213 861 1343 946; x_wconf 89' lang='lat' dir='ltr'>prophe-</span> 
     </span>
     <span class='ocr_line' id='line_1_6' title="bbox 188 963 1344 1052; baseline -0.001 -25"><span class='ocrx_word' id='word_1_42' title='bbox 188 973 292 1028; x_wconf 87' lang='lat' dir='ltr'>tarum</span> <span class='ocrx_word' id='word_1_43' title='bbox 306 963 339 1028; x_wconf 94' lang='lat' dir='ltr'>in</span> <span class='ocrx_word' id='word_1_44' title='bbox 350 966 553 1052; x_wconf 89' lang='lat' dir='ltr'>semetipsum</span> <span class='ocrx_word' id='word_1_45' title='bbox 566 967 703 1031; x_wconf 76' lang='lat' dir='ltr'>futurem</span> <span class='ocrx_word' id='word_1_46' title='bbox 717 967 868 1044; x_wconf 82' lang='lat' dir='ltr'>indicans,</span> <span class='ocrx_word' id='word_1_47' title='bbox 883 973 917 1031; x_wconf 89' lang='lat' dir='ltr'>et</span> <span class='ocrx_word' id='word_1_48' title='bbox 931 965 1171 1052; x_wconf 82' lang='lat' dir='ltr'>exquisitionem</span> <span class='ocrx_word' id='word_1_49' title='bbox 1184 963 1344 1050; x_wconf 81' lang='lat' dir='ltr'>sanguinis</span> 
     </span>
     <span class='ocr_line' id='line_1_7' title="bbox 109 1065 1345 1156; baseline 0 -27"><span class='ocrx_word' id='word_1_50' title='bbox 109 1119 114 1129; x_wconf 95' lang='lat'>.</span> <span class='ocrx_word' id='word_1_51' title='bbox 161 1117 167 1129; x_wconf 96' lang='lat'>.</span> <span class='ocrx_word' id='word_1_52' title='bbox 190 1066 328 1153; x_wconf 90' lang='lat' dir='ltr'>ipsorum</span> <span class='ocrx_word' id='word_1_53' title='bbox 345 1089 401 1153; x_wconf 90' lang='lat' dir='ltr'>per</span> <span class='ocrx_word' id='word_1_54' title='bbox 414 1069 626 1154; x_wconf 88' lang='lat' dir='ltr'>semetipsum.</span> <span class='ocrx_word' id='word_1_55' title='bbox 672 1069 745 1134; x_wconf 90' lang='lat' dir='ltr'>Non</span> <span class='ocrx_word' id='word_1_56' title='bbox 763 1077 870 1134; x_wconf 89' lang='lat' dir='ltr'>autem</span> <span class='ocrx_word' id='word_1_57' title='bbox 889 1069 1102 1156; x_wconf 81' lang='lat' dir='ltr'>exquireretur</span> <span class='ocrx_word' id='word_1_58' title='bbox 1122 1067 1209 1144; x_wconf 75' lang='lat' dir='ltr'>²hoo,</span> <span class='ocrx_word' id='word_1_59' title='bbox 1233 1065 1293 1131; x_wconf 86' lang='lat' dir='ltr'>nisi</span> <span class='ocrx_word' id='word_1_60' title='bbox 1312 1072 1345 1130; x_wconf 91' lang='lat' dir='ltr'>et</span> 
     </span>
     <span class='ocr_line' id='line_1_8' title="bbox 190 1168 1345 1259; baseline -0.003 -24"><span class='ocrx_word' id='word_1_61' title='bbox 190 1169 302 1235; x_wconf 80' lang='lat' dir='ltr'>salvari</span> <span class='ocrx_word' id='word_1_62' title='bbox 316 1170 462 1237; x_wconf 85' lang='lat' dir='ltr'>haberet:</span> <span class='ocrx_word' id='word_1_63' title='bbox 486 1176 562 1238; x_wconf 69' lang='lat' dir='ltr'>²neo</span> <span class='ocrx_word' id='word_1_64' title='bbox 573 1173 606 1237; x_wconf 94' lang='lat' dir='ltr'>in</span> <span class='ocrx_word' id='word_1_65' title='bbox 620 1173 822 1259; x_wconf 88' lang='lat' dir='ltr'>semetipsum</span> <span class='ocrx_word' id='word_1_66' title='bbox 833 1172 1054 1258; x_wconf 80' lang='lat' dir='ltr'>recapitulatas</span> <span class='ocrx_word' id='word_1_67' title='bbox 1065 1177 1149 1236; x_wconf 87' lang='lat' dir='ltr'>esset</span> <span class='ocrx_word' id='word_1_68' title='bbox 1159 1168 1345 1235; x_wconf 84' lang='lat' dir='ltr'>haecDomi·</span> 
     </span>
     <span class='ocr_line' id='line_1_9' title="bbox 191 1273 1345 1364; baseline 0 -26"><span class='ocrx_word' id='word_1_69' title='bbox 191 1295 262 1352; x_wconf 89' lang='lat' dir='ltr'>nus,</span> <span class='ocrx_word' id='word_1_70' title='bbox 282 1274 342 1338; x_wconf 86' lang='lat' dir='ltr'>nisi</span> <span class='ocrx_word' id='word_1_71' title='bbox 362 1282 394 1340; x_wconf 90' lang='lat' dir='ltr'>et</span> <span class='ocrx_word' id='word_1_72' title='bbox 414 1276 480 1362; x_wconf 90' lang='lat' dir='ltr'>ipse</span> <span class='ocrx_word' id='word_1_73' title='bbox 500 1297 573 1342; x_wconf 82' lang='lat' dir='ltr'>earo</span> <span class='ocrx_word' id='word_1_74' title='bbox 588 1285 621 1342; x_wconf 90' lang='lat' dir='ltr'>et</span> <span class='ocrx_word' id='word_1_75' title='bbox 637 1276 765 1364; x_wconf 87' lang='lat' dir='ltr'>sanguis</span> <span class='ocrx_word' id='word_1_76' title='bbox 786 1275 973 1341; x_wconf 79' lang='lat' dir='ltr'>³secnndum</span> <span class='ocrx_word' id='word_1_77' title='bbox 993 1274 1192 1362; x_wconf 84' lang='lat' dir='ltr'>principalem</span> <span class='ocrx_word' id='word_1_78' title='bbox 1212 1273 1345 1359; x_wconf 78' lang='lat' dir='ltr'>plasma·</span> 
     </span>
     <span class='ocr_line' id='line_1_10' title="bbox 160 1357 1346 1464; baseline -0.001 -24"><span class='ocrx_word' id='word_1_79' title='bbox 160 1357 169 1376; x_wconf 68' lang='lat'>⁸</span> <span class='ocrx_word' id='word_1_80' title='bbox 192 1377 310 1442; x_wconf 91' lang='lat' dir='ltr'>tionem</span> <span class='ocrx_word' id='word_1_81' title='bbox 334 1377 437 1444; x_wconf 76' lang='lat' dir='ltr'>faetus</span> <span class='ocrx_word' id='word_1_82' title='bbox 460 1377 581 1458; x_wconf 82' lang='lat' dir='ltr'>suisset,</span> <span class='ocrx_word' id='word_1_83' title='bbox 610 1379 734 1444; x_wconf 80' lang='lat' dir='ltr'>salvans</span> <span class='ocrx_word' id='word_1_84' title='bbox 758 1377 791 1443; x_wconf 93' lang='lat' dir='ltr'>in</span> <span class='ocrx_word' id='word_1_85' title='bbox 816 1377 984 1464; x_wconf 89' lang='lat' dir='ltr'>semetipso</span> <span class='ocrx_word' id='word_1_86' title='bbox 1010 1376 1043 1442; x_wconf 92' lang='lat' dir='ltr'>in</span> <span class='ocrx_word' id='word_1_87' title='bbox 1071 1379 1133 1443; x_wconf 89' lang='lat' dir='ltr'>fine</span> <span class='ocrx_word' id='word_1_88' title='bbox 1161 1375 1235 1440; x_wconf 90' lang='lat' dir='ltr'>illud</span> <span class='ocrx_word' id='word_1_89' title='bbox 1261 1375 1346 1462; x_wconf 92' lang='lat' dir='ltr'>quod</span> 
     </span>
     <span class='ocr_line' id='line_1_11' title="bbox 192 1481 718 1568; baseline 0.006 -23"><span class='ocrx_word' id='word_1_90' title='bbox 192 1481 327 1566; x_wconf 87' lang='lat' dir='ltr'>perierat</span> <span class='ocrx_word' id='word_1_91' title='bbox 340 1481 373 1545; x_wconf 91' lang='lat' dir='ltr'>in</span> <span class='ocrx_word' id='word_1_92' title='bbox 387 1481 538 1568; x_wconf 78' lang='lat' dir='ltr'>principio</span> <span class='ocrx_word' id='word_1_93' title='bbox 552 1483 586 1546; x_wconf 92' lang='lat' dir='ltr'>in</span> <span class='ocrx_word' id='word_1_94' title='bbox 600 1483 718 1548; x_wconf 88' lang='lat' dir='ltr'>Adam.</span> 
     </span>
    </p>

    <p class='ocr_par' dir='ltr' id='par_1_3' title="bbox 192 1568 1350 2908">
     <span class='ocr_line' id='line_1_12' title="bbox 257 1568 1346 1672; baseline -0.002 -24"><span class='ocrx_word' id='word_1_95' title='bbox 257 1586 287 1648; x_wconf 81' lang='lat'>2.</span> <span class='ocrx_word' id='word_1_96' title='bbox 333 1583 367 1648; x_wconf 89' lang='lat' dir='ltr'>Si</span> <span class='ocrx_word' id='word_1_97' title='bbox 393 1591 500 1650; x_wconf 88' lang='lat' dir='ltr'>autem</span> <span class='ocrx_word' id='word_1_98' title='bbox 525 1585 566 1650; x_wconf 92' lang='lat' dir='ltr'>ob</span> <span class='ocrx_word' id='word_1_99' title='bbox 592 1584 722 1649; x_wconf 84' lang='lat' dir='ltr'>alteram</span> <span class='ocrx_word' id='word_1_100' title='bbox 746 1584 902 1672; x_wconf 82' lang='lat' dir='ltr'>quendam</span> <span class='ocrx_word' id='word_1_101' title='bbox 928 1568 1164 1671; x_wconf 80' lang='lat' dir='ltr'>dispositionem</span> <span class='ocrx_word' id='word_1_102' title='bbox 1190 1583 1346 1648; x_wconf 86' lang='lat' dir='ltr'>Dominus</span> 
     </span>
     <span class='ocr_line' id='line_1_13' title="bbox 192 1685 1346 1774; baseline -0.003 -22"><span class='ocrx_word' id='word_1_103' title='bbox 192 1687 373 1753; x_wconf 84' lang='lat' dir='ltr'>incarnatus</span> <span class='ocrx_word' id='word_1_104' title='bbox 386 1697 446 1768; x_wconf 90' lang='lat' dir='ltr'>est,</span> <span class='ocrx_word' id='word_1_105' title='bbox 463 1697 496 1754; x_wconf 90' lang='lat' dir='ltr'>et</span> <span class='ocrx_word' id='word_1_106' title='bbox 510 1709 551 1753; x_wconf 83' lang='lat' dir='ltr'>ex</span> <span class='ocrx_word' id='word_1_107' title='bbox 565 1687 664 1754; x_wconf 77' lang='lat' dir='ltr'>altera</span> <span class='ocrx_word' id='word_1_108' title='bbox 678 1688 855 1753; x_wconf 88' lang='lat' dir='ltr'>substantia</span> <span class='ocrx_word' id='word_1_109' title='bbox 868 1709 994 1754; x_wconf 81' lang='lat' dir='ltr'>earnem</span> <span class='ocrx_word' id='word_1_110' title='bbox 1008 1688 1125 1767; x_wconf 90' lang='lat' dir='ltr'>attulit,</span> <span class='ocrx_word' id='word_1_111' title='bbox 1145 1709 1209 1752; x_wconf 89' lang='lat' dir='ltr'>non</span> <span class='ocrx_word' id='word_1_112' title='bbox 1222 1708 1298 1774; x_wconf 87' lang='lat' dir='ltr'>ergo</span> <span class='ocrx_word' id='word_1_113' title='bbox 1312 1685 1346 1749; x_wconf 92' lang='lat' dir='ltr'>in</span> 
     </span>
     <span class='ocr_line' id='line_1_14' title="bbox 193 1790 1346 1877; baseline -0.003 -21"><span class='ocrx_word' id='word_1_114' title='bbox 193 1790 396 1875; x_wconf 86' lang='lat' dir='ltr'>semetipsum</span> <span class='ocrx_word' id='word_1_115' title='bbox 419 1791 642 1877; x_wconf 79' lang='lat' dir='ltr'>recapitulatus</span> <span class='ocrx_word' id='word_1_116' title='bbox 661 1797 710 1857; x_wconf 90' lang='lat' dir='ltr'>est</span> <span class='ocrx_word' id='word_1_117' title='bbox 729 1791 923 1857; x_wconf 78' lang='lat' dir='ltr'>³bomirrem:</span> <span class='ocrx_word' id='word_1_118' title='bbox 950 1791 1055 1856; x_wconf 85' lang='lat' dir='ltr'>sdhuo</span> <span class='ocrx_word' id='word_1_119' title='bbox 1077 1791 1173 1856; x_wconf 89' lang='lat' dir='ltr'>etism</span> <span class='ocrx_word' id='word_1_120' title='bbox 1192 1813 1250 1856; x_wconf 84' lang='lat' dir='ltr'>neo</span> <span class='ocrx_word' id='word_1_121' title='bbox 1273 1811 1346 1854; x_wconf 83' lang='lat' dir='ltr'>earo</span> 
     </span>
     <span class='ocr_line' id='line_1_15' title="bbox 193 1893 1347 1981; baseline 0 -23"><span class='ocrx_word' id='word_1_122' title='bbox 193 1893 319 1978; x_wconf 88' lang='lat' dir='ltr'>quidem</span> <span class='ocrx_word' id='word_1_123' title='bbox 339 1893 400 1960; x_wconf 89' lang='lat' dir='ltr'>diei</span> <span class='ocrx_word' id='word_1_124' title='bbox 420 1902 535 1981; x_wconf 85' lang='lat' dir='ltr'>potest.</span> <span class='ocrx_word' id='word_1_125' title='bbox 581 1893 662 1960; x_wconf 82' lang='lat' dir='ltr'>(lare</span> <span class='ocrx_word' id='word_1_126' title='bbox 682 1895 766 1960; x_wconf 88' lang='lat' dir='ltr'>enim</span> <span class='ocrx_word' id='word_1_127' title='bbox 786 1916 858 1960; x_wconf 89' lang='lat' dir='ltr'>vere</span> <span class='ocrx_word' id='word_1_128' title='bbox 877 1894 985 1981; x_wconf 83' lang='lat' dir='ltr'>primae</span> <span class='ocrx_word' id='word_1_129' title='bbox 1005 1893 1219 1980; x_wconf 73' lang='lat' dir='ltr'>plasmationis</span> <span class='ocrx_word' id='word_1_130' title='bbox 1238 1893 1347 1958; x_wconf 89' lang='lat' dir='ltr'>elimo</span> 
     </span>
     <span class='ocr_line' id='line_1_16' title="bbox 193 1997 1347 2064; baseline -0.003 -3"><span class='ocrx_word' id='word_1_131' title='bbox 193 1997 295 2063; x_wconf 82' lang='lat' dir='ltr'>⁴laeta</span> <span class='ocrx_word' id='word_1_132' title='bbox 308 2005 358 2063; x_wconf 87' lang='lat' dir='ltr'>est</span> <span class='ocrx_word' id='word_1_133' title='bbox 372 1998 538 2064; x_wconf 84' lang='lat' dir='ltr'>suceessio.</span> <span class='ocrx_word' id='word_1_134' title='bbox 583 1998 618 2063; x_wconf 89' lang='lat' dir='ltr'>Si</span> <span class='ocrx_word' id='word_1_135' title='bbox 641 2006 747 2064; x_wconf 83' lang='lat' dir='ltr'>eutem</span> <span class='ocrx_word' id='word_1_136' title='bbox 769 2002 833 2064; x_wconf 78' lang='lat' dir='ltr'>⁵ex</span> <span class='ocrx_word' id='word_1_137' title='bbox 855 1997 917 2062; x_wconf 80' lang='lat' dir='ltr'>elia</span> <span class='ocrx_word' id='word_1_138' title='bbox 940 1997 1116 2062; x_wconf 83' lang='lat' dir='ltr'>substantia</span> <span class='ocrx_word' id='word_1_139' title='bbox 1138 1997 1253 2062; x_wconf 89' lang='lat' dir='ltr'>habere</span> <span class='ocrx_word' id='word_1_140' title='bbox 1275 2017 1347 2060; x_wconf 87' lang='lat' dir='ltr'>eum</span> 
     </span>
     <span class='ocr_line' id='line_1_17' title="bbox 193 2100 1348 2186; baseline 0 -22"><span class='ocrx_word' id='word_1_141' title='bbox 193 2100 332 2186; x_wconf 89' lang='lat' dir='ltr'>oportuit</span> <span class='ocrx_word' id='word_1_142' title='bbox 350 2101 523 2180; x_wconf 81' lang='lat' dir='ltr'>materiam,</span> <span class='ocrx_word' id='word_1_143' title='bbox 539 2103 597 2166; x_wconf 73' lang='lat' dir='ltr'>6ab</span> <span class='ocrx_word' id='word_1_144' title='bbox 613 2101 702 2166; x_wconf 86' lang='lat' dir='ltr'>initio</span> <span class='ocrx_word' id='word_1_145' title='bbox 724 2124 764 2167; x_wconf 88' lang='lat' dir='ltr'>ex</span> <span class='ocrx_word' id='word_1_146' title='bbox 783 2101 882 2166; x_wconf 86' lang='lat' dir='ltr'>altera</span> <span class='ocrx_word' id='word_1_147' title='bbox 895 2101 1072 2166; x_wconf 86' lang='lat' dir='ltr'>substantia</span> <span class='ocrx_word' id='word_1_148' title='bbox 1090 2101 1188 2165; x_wconf 80' lang='lat' dir='ltr'>Peter</span> <span class='ocrx_word' id='word_1_149' title='bbox 1201 2107 1348 2185; x_wconf 87' lang='lat' dir='ltr'>operatus</span> 
     </span>
     <span class='ocr_line' id='line_1_18' title="bbox 193 2202 1348 2290; baseline -0.003 -22"><span class='ocrx_word' id='word_1_150' title='bbox 193 2202 304 2269; x_wconf 82' lang='lat' dir='ltr'>fuisset</span> <span class='ocrx_word' id='word_1_151' title='bbox 317 2204 384 2269; x_wconf 90' lang='lat' dir='ltr'>fieri</span> <span class='ocrx_word' id='word_1_152' title='bbox 405 2203 654 2290; x_wconf 83' lang='lat' dir='ltr'>conspersionem</span> <span class='ocrx_word' id='word_1_153' title='bbox 673 2205 752 2290; x_wconf 90' lang='lat' dir='ltr'>ejus.</span> <span class='ocrx_word' id='word_1_154' title='bbox 797 2203 890 2267; x_wconf 87' lang='lat' dir='ltr'>Nune</span> <span class='ocrx_word' id='word_1_155' title='bbox 908 2211 1014 2268; x_wconf 87' lang='lat' dir='ltr'>autem</span> <span class='ocrx_word' id='word_1_156' title='bbox 1029 2203 1112 2287; x_wconf 90' lang='lat' dir='ltr'>quod</span> <span class='ocrx_word' id='word_1_157' title='bbox 1131 2203 1191 2267; x_wconf 85' lang='lat' dir='ltr'>luit</span> <span class='ocrx_word' id='word_1_158' title='bbox 1210 2202 1264 2287; x_wconf 94' lang='lat' dir='ltr'>qui</span> <span class='ocrx_word' id='word_1_159' title='bbox 1280 2223 1348 2288; x_wconf 90' lang='lat' dir='ltr'>per-</span> 
     </span>
     <span class='ocr_line' id='line_1_19' title="bbox 193 2303 1349 2390; baseline -0.003 -20"><span class='ocrx_word' id='word_1_160' title='bbox 193 2303 273 2370; x_wconf 86' lang='lat' dir='ltr'>ierat</span> <span class='ocrx_word' id='word_1_161' title='bbox 287 2305 392 2384; x_wconf 90' lang='lat' dir='ltr'>homo,</span> <span class='ocrx_word' id='word_1_162' title='bbox 403 2304 464 2370; x_wconf 88' lang='lat' dir='ltr'>hoo</span> <span class='ocrx_word' id='word_1_163' title='bbox 478 2305 614 2370; x_wconf 82' lang='lat' dir='ltr'>salutare</span> <span class='ocrx_word' id='word_1_164' title='bbox 628 2305 746 2370; x_wconf 83' lang='lat' dir='ltr'>fastum</span> <span class='ocrx_word' id='word_1_165' title='bbox 761 2313 810 2370; x_wconf 87' lang='lat' dir='ltr'>est</span> <span class='ocrx_word' id='word_1_166' title='bbox 823 2303 976 2383; x_wconf 86' lang='lat' dir='ltr'>Verbum,</span> <span class='ocrx_word' id='word_1_167' title='bbox 992 2326 1048 2390; x_wconf 91' lang='lat' dir='ltr'>per</span> <span class='ocrx_word' id='word_1_168' title='bbox 1062 2303 1264 2389; x_wconf 86' lang='lat' dir='ltr'>semetipsum</span> <span class='ocrx_word' id='word_1_169' title='bbox 1278 2325 1349 2368; x_wconf 87' lang='lat' dir='ltr'>eem</span> 
     </span>
     <span class='ocr_line' id='line_1_20' title="bbox 194 2395 1349 2494; baseline -0.002 -22"><span class='ocrx_word' id='word_1_170' title='bbox 194 2429 264 2494; x_wconf 86' lang='lat' dir='ltr'>quse</span> <span class='ocrx_word' id='word_1_171' title='bbox 287 2417 371 2474; x_wconf 88' lang='lat' dir='ltr'>esset</span> <span class='ocrx_word' id='word_1_172' title='bbox 393 2408 435 2472; x_wconf 92' lang='lat' dir='ltr'>ad</span> <span class='ocrx_word' id='word_1_173' title='bbox 457 2429 530 2472; x_wconf 90' lang='lat' dir='ltr'>eum</span> <span class='ocrx_word' id='word_1_174' title='bbox 552 2407 812 2484; x_wconf 80' lang='lat' dir='ltr'>communionem,</span> <span class='ocrx_word' id='word_1_175' title='bbox 836 2414 870 2472; x_wconf 89' lang='lat' dir='ltr'>et</span> <span class='ocrx_word' id='word_1_176' title='bbox 891 2406 1129 2494; x_wconf 82' lang='lat' dir='ltr'>exquisitionem</span> <span class='ocrx_word' id='word_1_177' title='bbox 1151 2405 1261 2470; x_wconf 86' lang='lat' dir='ltr'>salutis</span> <span class='ocrx_word' id='word_1_178' title='bbox 1280 2395 1349 2492; x_wconf 80' lang='lat' dir='ltr'>ejus</span> 
     </span>
     <span class='ocr_line' id='line_1_21' title="bbox 194 2510 1349 2597; baseline 0 -21"><span class='ocrx_word' id='word_1_179' title='bbox 194 2511 341 2576; x_wconf 81' lang='lat' dir='ltr'>efficiens.</span> <span class='ocrx_word' id='word_1_180' title='bbox 386 2510 478 2591; x_wconf 76' lang='lat' dir='ltr'>Quod</span> <span class='ocrx_word' id='word_1_181' title='bbox 496 2518 603 2576; x_wconf 89' lang='lat' dir='ltr'>autem</span> <span class='ocrx_word' id='word_1_182' title='bbox 622 2513 633 2554; x_wconf 73' lang='lat' dir='ltr'>l</span> <span class='ocrx_word' id='word_1_183' title='bbox 638 2510 782 2596; x_wconf 82' lang='lat' dir='ltr'>perierat,</span> <span class='ocrx_word' id='word_1_184' title='bbox 802 2511 986 2597; x_wconf 90' lang='lat' dir='ltr'>sanguinem</span> <span class='ocrx_word' id='word_1_185' title='bbox 1005 2519 1039 2574; x_wconf 90' lang='lat' dir='ltr'>et</span> <span class='ocrx_word' id='word_1_186' title='bbox 1058 2531 1183 2576; x_wconf 79' lang='lat' dir='ltr'>earnem</span> <span class='ocrx_word' id='word_1_187' title='bbox 1203 2510 1349 2576; x_wconf 84' lang='lat' dir='ltr'>habebat.</span> 
     </span>
     <span class='ocr_line' id='line_1_22' title="bbox 197 2611 1350 2699; baseline -0.001 -21"><span class='ocrx_word' id='word_1_188' title='bbox 197 2614 324 2678; x_wconf 92' lang='lat' dir='ltr'>Limum</span> <span class='ocrx_word' id='word_1_189' title='bbox 337 2613 420 2679; x_wconf 89' lang='lat' dir='ltr'>enim</span> <span class='ocrx_word' id='word_1_190' title='bbox 435 2613 474 2678; x_wconf 91' lang='lat' dir='ltr'>de</span> <span class='ocrx_word' id='word_1_191' title='bbox 490 2621 575 2678; x_wconf 81' lang='lat' dir='ltr'>terra</span> <span class='ocrx_word' id='word_1_192' title='bbox 590 2613 746 2699; x_wconf 80' lang='lat' dir='ltr'>accipiens</span> <span class='ocrx_word' id='word_1_193' title='bbox 762 2611 927 2692; x_wconf 88' lang='lat' dir='ltr'>Dominus,</span> <span class='ocrx_word' id='word_1_194' title='bbox 947 2612 1111 2698; x_wconf 82' lang='lat' dir='ltr'>plasmavit</span> <span class='ocrx_word' id='word_1_195' title='bbox 1130 2613 1296 2692; x_wconf 90' lang='lat' dir='ltr'>hominem,</span> <span class='ocrx_word' id='word_1_196' title='bbox 1317 2621 1350 2678; x_wconf 93' lang='lat' dir='ltr'>et</span> 
     </span>
     <span class='ocr_line' id='line_1_23' title="bbox 200 2714 1349 2803; baseline 0 -23"><span class='ocrx_word' id='word_1_197' title='bbox 200 2723 327 2802; x_wconf 84' lang='lat' dir='ltr'>propter</span> <span class='ocrx_word' id='word_1_198' title='bbox 351 2716 435 2781; x_wconf 87' lang='lat' dir='ltr'>huno</span> <span class='ocrx_word' id='word_1_199' title='bbox 459 2715 561 2781; x_wconf 87' lang='lat' dir='ltr'>omnis</span> <span class='ocrx_word' id='word_1_200' title='bbox 582 2715 745 2802; x_wconf 87' lang='lat' dir='ltr'>dispositio</span> <span class='ocrx_word' id='word_1_201' title='bbox 767 2716 920 2781; x_wconf 85' lang='lat' dir='ltr'>adventus</span> <span class='ocrx_word' id='word_1_202' title='bbox 943 2714 1083 2781; x_wconf 91' lang='lat' dir='ltr'>Domini.</span> <span class='ocrx_word' id='word_1_203' title='bbox 1129 2714 1252 2781; x_wconf 88' lang='lat' dir='ltr'>Habuit</span> <span class='ocrx_word' id='word_1_204' title='bbox 1275 2737 1349 2803; x_wconf 88' lang='lat' dir='ltr'>ergo</span> 
     </span>
     <span class='ocr_line' id='line_1_24' title="bbox 197 2819 1350 2908; baseline -0.002 -22"><span class='ocrx_word' id='word_1_205' title='bbox 197 2827 231 2886; x_wconf 88' lang='lat' dir='ltr'>et</span> <span class='ocrx_word' id='word_1_206' title='bbox 253 2819 320 2906; x_wconf 89' lang='lat' dir='ltr'>ipse</span> <span class='ocrx_word' id='word_1_207' title='bbox 341 2841 467 2886; x_wconf 84' lang='lat' dir='ltr'>earnem</span> <span class='ocrx_word' id='word_1_208' title='bbox 489 2827 522 2886; x_wconf 92' lang='lat' dir='ltr'>et</span> <span class='ocrx_word' id='word_1_209' title='bbox 542 2819 738 2908; x_wconf 86' lang='lat' dir='ltr'>sanguinem,</span> <span class='ocrx_word' id='word_1_210' title='bbox 758 2840 822 2884; x_wconf 90' lang='lat' dir='ltr'>non</span> <span class='ocrx_word' id='word_1_211' title='bbox 847 2819 977 2886; x_wconf 87' lang='lat' dir='ltr'>alteram</span> <span class='ocrx_word' id='word_1_212' title='bbox 998 2819 1165 2906; x_wconf 86' lang='lat' dir='ltr'>quandem,</span> <span class='ocrx_word' id='word_1_213' title='bbox 1187 2819 1244 2885; x_wconf 89' lang='lat' dir='ltr'>sed</span> <span class='ocrx_word' id='word_1_214' title='bbox 1265 2819 1350 2884; x_wconf 86' lang='lat' dir='ltr'>illsm</span> 
     </span>
    </p>
   </div>
   <div class='ocr_carea' id='block_1_3' title="bbox 192 3041 1353 4666">
    <p class='ocr_par' dir='ltr' id='par_1_4' title="bbox 196 3041 1353 3599">
     <span class='ocr_line' id='line_1_25' title="bbox 247 3041 1350 3108; baseline 0.002 -16"><span class='ocrx_word' id='word_1_215' title='bbox 247 3041 255 3072; x_wconf 85' lang='lat'>²</span> <span class='ocrx_word' id='word_1_216' title='bbox 267 3042 339 3092; x_wconf 74' lang='lat' dir='ltr'>etima</span> <span class='ocrx_word' id='word_1_217' title='bbox 350 3041 692 3107; x_wconf 75' lang='lat' dir='ltr'>dieovobie...geuerutionem,</span> <span class='ocrx_word' id='word_1_218' title='bbox 702 3042 746 3093; x_wconf 76' lang='lat' dir='ltr'>Gn.</span> <span class='ocrx_word' id='word_1_219' title='bbox 797 3043 898 3094; x_wconf 74' lang='lat' dir='ltr'>Onnsu.</span> <span class='ocrx_word' id='word_1_220' title='bbox 906 3043 988 3094; x_wconf 82' lang='lat' dir='ltr'>varies</span> <span class='ocrx_word' id='word_1_221' title='bbox 997 3043 1033 3108; x_wconf 90' lang='lat' dir='ltr'>by</span> <span class='ocrx_word' id='word_1_222' title='bbox 1040 3043 1195 3108; x_wconf 82' lang='lat' dir='ltr'>insertingeo</span> <span class='ocrx_word' id='word_1_223' title='bbox 1205 3044 1287 3094; x_wconf 76' lang='lat' dir='ltr'>before</span> <span class='ocrx_word' id='word_1_224' title='bbox 1298 3059 1350 3094; x_wconf 68' lang='lat' dir='ltr'>oon</span> 
     </span>
     <span class='ocr_line' id='line_1_26' title="bbox 196 3123 1353 3190; baseline 0.003 -16"><span class='ocrx_word' id='word_1_225' title='bbox 196 3123 623 3188; x_wconf 69' lang='lat' dir='ltr'>aquomdwembie...rationsr.</span> <span class='ocrx_word' id='word_1_226' title='bbox 641 3124 749 3173; x_wconf 71' lang='lat' dir='ltr'>&#39;I&#39;helst</span> <span class='ocrx_word' id='word_1_227' title='bbox 796 3127 947 3190; x_wconf 58' lang='lat' dir='ltr'>spadonem,</span> <span class='ocrx_word' id='word_1_228' title='bbox 961 3128 1011 3176; x_wconf 85' lang='lat' dir='ltr'>and</span> <span class='ocrx_word' id='word_1_229' title='bbox 1022 3143 1100 3177; x_wconf 74' lang='lat' dir='ltr'>morem</span> <span class='ocrx_word' id='word_1_230' title='bbox 1114 3128 1179 3176; x_wconf 72' lang='lat' dir='ltr'>nt‘oor</span> <span class='ocrx_word' id='word_1_231' title='bbox 1192 3128 1213 3178; x_wconf 89' lang='lat' dir='ltr'>it</span> <span class='ocrx_word' id='word_1_232' title='bbox 1226 3129 1252 3176; x_wconf 92' lang='lat' dir='ltr'>in</span> <span class='ocrx_word' id='word_1_233' title='bbox 1263 3128 1313 3178; x_wconf 90' lang='lat' dir='ltr'>lieu</span> <span class='ocrx_word' id='word_1_234' title='bbox 1324 3128 1353 3177; x_wconf 84' lang='lat' dir='ltr'>of</span> 
     </span>
     <span class='ocr_line' id='line_1_27' title="bbox 196 3206 1348 3274; baseline 0.005 -20"><span class='ocrx_word' id='word_1_235' title='bbox 196 3206 326 3256; x_wconf 80' lang='lat' dir='ltr'>ternords</span> <span class='ocrx_word' id='word_1_236' title='bbox 336 3207 495 3270; x_wconf 80' lang='lat' dir='ltr'>beingafsir</span> <span class='ocrx_word' id='word_1_237' title='bbox 505 3208 600 3272; x_wconf 88' lang='lat' dir='ltr'>eample</span> <span class='ocrx_word' id='word_1_238' title='bbox 611 3206 640 3255; x_wconf 83' lang='lat' dir='ltr'>of</span> <span class='ocrx_word' id='word_1_239' title='bbox 653 3207 696 3256; x_wconf 86' lang='lat' dir='ltr'>the</span> <span class='ocrx_word' id='word_1_240' title='bbox 713 3207 749 3270; x_wconf 87' lang='lat' dir='ltr'>ig·</span> <span class='ocrx_word' id='word_1_241' title='bbox 797 3208 854 3271; x_wconf 59' lang='lat' dir='ltr'>qus.</span> <span class='ocrx_word' id='word_1_242' title='bbox 884 3209 937 3258; x_wconf 78' lang='lat' dir='ltr'>une</span> <span class='ocrx_word' id='word_1_243' title='bbox 954 3209 1009 3259; x_wconf 84' lang='lat' dir='ltr'>first</span> <span class='ocrx_word' id='word_1_244' title='bbox 1023 3226 1082 3274; x_wconf 79' lang='lat' dir='ltr'>may</span> <span class='ocrx_word' id='word_1_245' title='bbox 1093 3211 1157 3259; x_wconf 81' lang='lat' dir='ltr'>have</span> <span class='ocrx_word' id='word_1_246' title='bbox 1171 3211 1233 3260; x_wconf 88' lang='lat' dir='ltr'>been</span> <span class='ocrx_word' id='word_1_247' title='bbox 1252 3217 1287 3271; x_wconf 76' lang='grc' dir='ltr'>ὄὲ,</span> <span class='ocrx_word' id='word_1_248' title='bbox 1307 3211 1348 3260; x_wconf 88' lang='lat' dir='ltr'>i.e.</span> 
     </span>
     <span class='ocr_line' id='line_1_28' title="bbox 196 3287 1348 3356; baseline 0.004 -21"><span class='ocrx_word' id='word_1_249' title='bbox 196 3287 377 3350; x_wconf 81' lang='lat' dir='ltr'>noranoe,witb</span> <span class='ocrx_word' id='word_1_250' title='bbox 384 3288 464 3336; x_wconf 84' lang='lat' dir='ltr'>which</span> <span class='ocrx_word' id='word_1_251' title='bbox 471 3287 514 3336; x_wconf 87' lang='lat' dir='ltr'>the</span> <span class='ocrx_word' id='word_1_252' title='bbox 520 3287 671 3352; x_wconf 81' lang='lat' dir='ltr'>responsible</span> <span class='ocrx_word' id='word_1_253' title='bbox 679 3287 750 3335; x_wconf 81' lang='lat' dir='ltr'>work</span> <span class='ocrx_word' id='word_1_254' title='bbox 797 3305 896 3350; x_wconf 74' lang='lat' dir='ltr'>muntem,</span> <span class='ocrx_word' id='word_1_255' title='bbox 908 3289 951 3340; x_wconf 89' lang='lat' dir='ltr'>the</span> <span class='ocrx_word' id='word_1_256' title='bbox 958 3289 1050 3339; x_wconf 87' lang='lat' dir='ltr'>seoond</span> <span class='ocrx_word' id='word_1_257' title='bbox 1060 3290 1081 3339; x_wconf 91' lang='lat' dir='ltr'>is</span> <span class='ocrx_word' id='word_1_258' title='bbox 1090 3291 1229 3340; x_wconf 82' lang='lat' dir='ltr'>amsnifest</span> <span class='ocrx_word' id='word_1_259' title='bbox 1237 3292 1348 3356; x_wconf 80' lang='lat' dir='ltr'>incorpo-</span> 
     </span>
     <span class='ocr_line' id='line_1_29' title="bbox 196 3368 1349 3436; baseline 0.003 -20"><span class='ocrx_word' id='word_1_260' title='bbox 196 3368 226 3417; x_wconf 72' lang='grc' dir='ltr'>οῖ</span> <span class='ocrx_word' id='word_1_261' title='bbox 234 3369 401 3432; x_wconf 74' lang='lat' dir='ltr'>trsrrsoribing</span> <span class='ocrx_word' id='word_1_262' title='bbox 412 3369 485 3418; x_wconf 80' lang='lat' dir='ltr'>could</span> <span class='ocrx_word' id='word_1_263' title='bbox 499 3369 640 3417; x_wconf 84' lang='lat' dir='ltr'>sometimes</span> <span class='ocrx_word' id='word_1_264' title='bbox 655 3369 686 3417; x_wconf 90' lang='lat' dir='ltr'>be</span> <span class='ocrx_word' id='word_1_265' title='bbox 696 3383 750 3432; x_wconf 82' lang='lat' dir='ltr'>per·</span> <span class='ocrx_word' id='word_1_266' title='bbox 796 3370 877 3418; x_wconf 82' lang='lat' dir='ltr'>rstion</span> <span class='ocrx_word' id='word_1_267' title='bbox 895 3371 925 3418; x_wconf 87' lang='lat' dir='ltr'>ol&#39;</span> <span class='ocrx_word' id='word_1_268' title='bbox 935 3371 985 3433; x_wconf 72' lang='lat' dir='ltr'>ejice</span> <span class='ocrx_word' id='word_1_269' title='bbox 995 3371 1057 3420; x_wconf 82' lang='lat' dir='ltr'>with</span> <span class='ocrx_word' id='word_1_270' title='bbox 1072 3371 1115 3420; x_wconf 85' lang='lat' dir='ltr'>the</span> <span class='ocrx_word' id='word_1_271' title='bbox 1130 3371 1191 3420; x_wconf 83' lang='lat' dir='ltr'>final</span> <span class='ocrx_word' id='word_1_272' title='bbox 1206 3372 1280 3421; x_wconf 85' lang='lat' dir='ltr'>letter</span> <span class='ocrx_word' id='word_1_273' title='bbox 1296 3387 1349 3436; x_wconf 90' lang='lat' dir='ltr'>pre-</span> 
     </span>
     <span class='ocr_line' id='line_1_30' title="bbox 196 3449 1348 3516; baseline 0.004 -18"><span class='ocrx_word' id='word_1_274' title='bbox 196 3449 300 3500; x_wconf 82' lang='lat' dir='ltr'>lormed.</span> <span class='ocrx_word' id='word_1_275' title='bbox 328 3451 382 3500; x_wconf 82' lang='lat' dir='ltr'>The</span> <span class='ocrx_word' id='word_1_276' title='bbox 397 3465 465 3500; x_wconf 67' lang='lat' dir='ltr'>ame</span> <span class='ocrx_word' id='word_1_277' title='bbox 476 3450 534 3501; x_wconf 85' lang='lat' dir='ltr'>MS.</span> <span class='ocrx_word' id='word_1_278' title='bbox 548 3451 638 3500; x_wconf 84' lang='lat' dir='ltr'>inserts</span> <span class='ocrx_word' id='word_1_279' title='bbox 651 3456 672 3500; x_wconf 76' lang='lat' dir='ltr'>et</span> <span class='ocrx_word' id='word_1_280' title='bbox 685 3449 750 3498; x_wconf 76' lang='lat' dir='ltr'>albei·</span> <span class='ocrx_word' id='word_1_281' title='bbox 797 3451 893 3516; x_wconf 87' lang='lat' dir='ltr'>oeding.</span> <span class='ocrx_word' id='word_1_282' title='bbox 928 3451 995 3502; x_wconf 86' lang='lat' dir='ltr'>Both</span> <span class='ocrx_word' id='word_1_283' title='bbox 1009 3453 1060 3502; x_wconf 87' lang='lat' dir='ltr'>thie</span> <span class='ocrx_word' id='word_1_284' title='bbox 1073 3452 1124 3501; x_wconf 80' lang='lat' dir='ltr'>end</span> <span class='ocrx_word' id='word_1_285' title='bbox 1139 3453 1183 3501; x_wconf 90' lang='lat' dir='ltr'>the</span> <span class='ocrx_word' id='word_1_286' title='bbox 1193 3452 1274 3503; x_wconf 88' lang='lat' dir='ltr'>Voss.</span> <span class='ocrx_word' id='word_1_287' title='bbox 1290 3453 1348 3503; x_wconf 86' lang='lat' dir='ltr'>MS.</span> 
     </span>
     <span class='ocr_line' id='line_1_31' title="bbox 197 3530 1350 3599; baseline 0.002 -18"><span class='ocrx_word' id='word_1_288' title='bbox 197 3530 336 3581; x_wconf 67' lang='lat' dir='ltr'>Bassania</span> <span class='ocrx_word' id='word_1_289' title='bbox 798 3549 871 3598; x_wconf 89' lang='lat' dir='ltr'>agree</span> <span class='ocrx_word' id='word_1_290' title='bbox 881 3535 908 3582; x_wconf 91' lang='lat' dir='ltr'>in</span> <span class='ocrx_word' id='word_1_291' title='bbox 918 3535 1023 3599; x_wconf 83' lang='lat' dir='ltr'>resding</span> <span class='ocrx_word' id='word_1_292' title='bbox 1033 3535 1117 3584; x_wconf 78' lang='lat' dir='ltr'>Pater.</span> <span class='ocrx_word' id='word_1_293' title='bbox 1153 3535 1205 3583; x_wconf 86' lang='lat' dir='ltr'>For</span> <span class='ocrx_word' id='word_1_294' title='bbox 1219 3535 1270 3584; x_wconf 90' lang='lat' dir='ltr'>this</span> <span class='ocrx_word' id='word_1_295' title='bbox 1281 3535 1350 3583; x_wconf 85' lang='lat' dir='ltr'>word</span> 
     </span>
    </p>

    <p class='ocr_par' dir='ltr' id='par_1_5' title="bbox 247 3611 1350 3678">
     <span class='ocr_line' id='line_1_32' title="bbox 247 3611 1350 3678; baseline 0.002 -16"><span class='ocrx_word' id='word_1_296' title='bbox 247 3611 258 3643; x_wconf 83' lang='lat'><strong>¹</strong></span> <span class='ocrx_word' id='word_1_297' title='bbox 274 3612 324 3672; x_wconf 78' lang='lat' dir='ltr'>boe,</span> <span class='ocrx_word' id='word_1_298' title='bbox 338 3613 367 3662; x_wconf 84' lang='grc' dir='ltr'>τὸ</span> <span class='ocrx_word' id='word_1_299' title='bbox 379 3613 438 3673; x_wconf 66' lang='lat' dir='ltr'>alpe</span> <span class='ocrx_word' id='word_1_300' title='bbox 449 3629 482 3663; x_wconf 88' lang='lat' dir='ltr'>so.</span> <span class='ocrx_word' id='word_1_301' title='bbox 516 3615 568 3663; x_wconf 77' lang='lat' dir='ltr'>An.</span> <span class='ocrx_word' id='word_1_302' title='bbox 581 3620 661 3664; x_wconf 66' lang='lat' dir='ltr'>esee.</span> <span class='ocrx_word' id='word_1_303' title='bbox 798 3617 842 3665; x_wconf 89' lang='lat' dir='ltr'>the</span> <span class='ocrx_word' id='word_1_304' title='bbox 853 3617 904 3667; x_wconf 77' lang='lat' dir='ltr'>As.</span> <span class='ocrx_word' id='word_1_305' title='bbox 915 3617 987 3665; x_wconf 78' lang='lat' dir='ltr'>reads</span> <span class='ocrx_word' id='word_1_306' title='bbox 994 3623 1073 3678; x_wconf 74' lang='lat' dir='ltr'>porte,</span> <span class='ocrx_word' id='word_1_307' title='bbox 1084 3616 1134 3666; x_wconf 80' lang='lat' dir='ltr'>end</span> <span class='ocrx_word' id='word_1_308' title='bbox 1144 3615 1291 3676; x_wconf 67' lang='lat' dir='ltr'>adnomioe,</span> <span class='ocrx_word' id='word_1_309' title='bbox 1300 3616 1350 3664; x_wconf 82' lang='lat' dir='ltr'>end</span> 
     </span>
    </p>

    <p class='ocr_par' dir='ltr' id='par_1_6' title="bbox 198 3693 1350 3926">
     <span class='ocr_line' id='line_1_33' title="bbox 247 3693 1350 3761; baseline 0.003 -18"><span class='ocrx_word' id='word_1_310' title='bbox 247 3693 258 3726; x_wconf 80' lang='lat'>⁸</span> <span class='ocrx_word' id='word_1_311' title='bbox 278 3697 396 3755; x_wconf 75' lang='grc' dir='ltr'>κατὰτὴν</span> <span class='ocrx_word' id='word_1_312' title='bbox 407 3697 538 3758; x_wconf 75' lang='grc' dir='ltr'>ἀρχέγονον</span> <span class='ocrx_word' id='word_1_313' title='bbox 548 3698 646 3747; x_wconf 73' lang='grc' dir='ltr'>πλάσιν.</span> <span class='ocrx_word' id='word_1_314' title='bbox 670 3696 709 3747; x_wconf 80' lang='lat' dir='ltr'>cf.</span> <span class='ocrx_word' id='word_1_315' title='bbox 721 3713 748 3761; x_wconf 89' lang='lat' dir='ltr'>p.</span> <span class='ocrx_word' id='word_1_316' title='bbox 798 3697 938 3746; x_wconf 83' lang='lat' dir='ltr'>introduees</span> <span class='ocrx_word' id='word_1_317' title='bbox 960 3704 981 3746; x_wconf 81' lang='lat' dir='ltr'>et</span> <span class='ocrx_word' id='word_1_318' title='bbox 998 3697 1082 3746; x_wconf 80' lang='lat' dir='ltr'>before</span> <span class='ocrx_word' id='word_1_319' title='bbox 1098 3696 1179 3758; x_wconf 74' lang='lat' dir='ltr'>initio,</span> <span class='ocrx_word' id='word_1_320' title='bbox 1198 3697 1280 3746; x_wconf 85' lang='lat' dir='ltr'>whiob</span> <span class='ocrx_word' id='word_1_321' title='bbox 1298 3697 1350 3746; x_wconf 81' lang='lat' dir='ltr'>also</span> 
     </span>
     <span class='ocr_line' id='line_1_34' title="bbox 198 3776 1349 3844; baseline 0.003 -20"><span class='ocrx_word' id='word_1_322' title='bbox 198 3785 239 3838; x_wconf 78' lang='lat'>47.</span> <span class='ocrx_word' id='word_1_323' title='bbox 266 3776 320 3839; x_wconf 61' lang='lat' dir='ltr'>Gra,</span> <span class='ocrx_word' id='word_1_324' title='bbox 330 3776 411 3827; x_wconf 86' lang='lat' dir='ltr'>Voss.</span> <span class='ocrx_word' id='word_1_325' title='bbox 423 3776 581 3826; x_wconf 65' lang='lat' dir='ltr'>amima.</span> <span class='ocrx_word' id='word_1_326' title='bbox 610 3779 661 3828; x_wconf 69' lang='lat' dir='ltr'>AB.</span> <span class='ocrx_word' id='word_1_327' title='bbox 675 3779 750 3828; x_wconf 80' lang='lat' dir='ltr'>emite</span> <span class='ocrx_word' id='word_1_328' title='bbox 799 3796 858 3844; x_wconf 81' lang='lat' dir='ltr'>msy</span> <span class='ocrx_word' id='word_1_329' title='bbox 879 3780 990 3844; x_wconf 85' lang='lat' dir='ltr'>possibly</span> <span class='ocrx_word' id='word_1_330' title='bbox 1012 3780 1043 3829; x_wconf 91' lang='lat' dir='ltr'>be</span> <span class='ocrx_word' id='word_1_331' title='bbox 1067 3795 1084 3828; x_wconf 87' lang='lat' dir='ltr'>e</span> <span class='ocrx_word' id='word_1_332' title='bbox 1109 3780 1217 3843; x_wconf 83' lang='lat' dir='ltr'>genuine</span> <span class='ocrx_word' id='word_1_333' title='bbox 1238 3778 1349 3842; x_wconf 82' lang='lat' dir='ltr'>reading.</span> 
     </span>
     <span class='ocr_line' id='line_1_35' title="bbox 198 3861 1350 3926; baseline 0.002 -18"><span class='ocrx_word' id='word_1_334' title='bbox 198 3873 229 3908; x_wconf 77' lang='lat' dir='ltr'>ae.</span> <span class='ocrx_word' id='word_1_335' title='bbox 799 3861 895 3911; x_wconf 82' lang='lat' dir='ltr'>There&#39;</span> <span class='ocrx_word' id='word_1_336' title='bbox 889 3877 910 3910; x_wconf 84' lang='lat' dir='ltr'>rs</span> <span class='ocrx_word' id='word_1_337' title='bbox 923 3866 969 3910; x_wconf 90' lang='lat' dir='ltr'>not</span> <span class='ocrx_word' id='word_1_338' title='bbox 986 3861 1110 3911; x_wconf 83' lang='lat' dir='ltr'>sufficient</span> <span class='ocrx_word' id='word_1_339' title='bbox 1124 3862 1253 3926; x_wconf 69' lang='lat' dir='ltr'>authority</span> <span class='ocrx_word' id='word_1_340' title='bbox 1270 3862 1350 3911; x_wconf 87' lang='lat' dir='ltr'>there·</span> 
     </span>
    </p>

    <p class='ocr_par' dir='ltr' id='par_1_7' title="bbox 192 3938 1351 4336">
     <span class='ocr_line' id='line_1_36' title="bbox 247 3938 1350 4007; baseline 0.002 -18"><span class='ocrx_word' id='word_1_341' title='bbox 247 3938 259 3971; x_wconf 85' lang='lat'>⁴</span> <span class='ocrx_word' id='word_1_342' title='bbox 271 3939 345 4003; x_wconf 74' lang='lat' dir='ltr'>facta</span> <span class='ocrx_word' id='word_1_343' title='bbox 355 3946 394 4001; x_wconf 79' lang='lat' dir='ltr'>ert,</span> <span class='ocrx_word' id='word_1_344' title='bbox 407 3957 435 3990; x_wconf 81' lang='lat' dir='ltr'>es</span> <span class='ocrx_word' id='word_1_345' title='bbox 446 3940 473 3989; x_wconf 91' lang='lat' dir='ltr'>in</span> <span class='ocrx_word' id='word_1_346' title='bbox 483 3941 527 3990; x_wconf 78' lang='lat' dir='ltr'>tlte</span> <span class='ocrx_word' id='word_1_347' title='bbox 538 3941 648 4003; x_wconf 68' lang='lat' dir='ltr'>(inm,</span> <span class='ocrx_word' id='word_1_348' title='bbox 656 3942 748 4003; x_wconf 71' lang='lat' dir='ltr'>Voss,</span> <span class='ocrx_word' id='word_1_349' title='bbox 799 3943 852 3992; x_wconf 84' lang='lat' dir='ltr'>fore</span> <span class='ocrx_word' id='word_1_350' title='bbox 862 3943 901 3991; x_wconf 86' lang='lat' dir='ltr'>for</span> <span class='ocrx_word' id='word_1_351' title='bbox 911 3942 1052 4006; x_wconf 85' lang='lat' dir='ltr'>disturbing</span> <span class='ocrx_word' id='word_1_352' title='bbox 1063 3943 1106 3994; x_wconf 83' lang='lat' dir='ltr'>the</span> <span class='ocrx_word' id='word_1_353' title='bbox 1117 3948 1217 4007; x_wconf 88' lang='lat' dir='ltr'>present</span> <span class='ocrx_word' id='word_1_354' title='bbox 1227 3948 1289 4003; x_wconf 82' lang='lat' dir='ltr'>text,</span> <span class='ocrx_word' id='word_1_355' title='bbox 1300 3943 1350 3991; x_wconf 85' lang='lat' dir='ltr'>and</span> 
     </span>
     <span class='ocr_line' id='line_1_37' title="bbox 198 4023 1350 4088; baseline 0.003 -17"><span class='ocrx_word' id='word_1_356' title='bbox 198 4023 275 4084; x_wconf 75' lang='lat' dir='ltr'>Vnst,</span> <span class='ocrx_word' id='word_1_357' title='bbox 294 4023 698 4084; x_wconf 73' lang='lat' dir='ltr'>Mnno.11.,buttheAn.omite</span> <span class='ocrx_word' id='word_1_358' title='bbox 709 4030 749 4073; x_wconf 85' lang='lat' dir='ltr'>est.</span> <span class='ocrx_word' id='word_1_359' title='bbox 799 4027 842 4074; x_wconf 86' lang='lat' dir='ltr'>the</span> <span class='ocrx_word' id='word_1_360' title='bbox 853 4025 1002 4088; x_wconf 78' lang='lat' dir='ltr'>following</span> <span class='ocrx_word' id='word_1_361' title='bbox 994 4041 1016 4074; x_wconf 86' lang='lat' dir='ltr'>rs</span> <span class='ocrx_word' id='word_1_362' title='bbox 1032 4025 1124 4074; x_wconf 84' lang='lat' dir='ltr'>offered</span> <span class='ocrx_word' id='word_1_363' title='bbox 1140 4026 1178 4076; x_wconf 86' lang='lat' dir='ltr'>lor</span> <span class='ocrx_word' id='word_1_364' title='bbox 1194 4026 1237 4075; x_wconf 86' lang='lat' dir='ltr'>the</span> <span class='ocrx_word' id='word_1_365' title='bbox 1253 4025 1350 4086; x_wconf 85' lang='lat' dir='ltr'>Greek,</span> 
     </span>
     <span class='ocr_line' id='line_1_38' title="bbox 198 4104 1350 4171; baseline 0 -15"><span class='ocrx_word' id='word_1_366' title='bbox 198 4107 295 4156; x_wconf 74' lang='lat' dir='ltr'>(inm</span> <span class='ocrx_word' id='word_1_367' title='bbox 316 4104 367 4154; x_wconf 80' lang='lat' dir='ltr'>sud</span> <span class='ocrx_word' id='word_1_368' title='bbox 389 4105 522 4169; x_wconf 74' lang='lat' dir='ltr'>preceding</span> <span class='ocrx_word' id='word_1_369' title='bbox 538 4104 593 4155; x_wconf 88' lang='lat' dir='ltr'>edd.</span> <span class='ocrx_word' id='word_1_370' title='bbox 607 4105 690 4168; x_wconf 66' lang='lat' dir='ltr'>fosta,</span> <span class='ocrx_word' id='word_1_371' title='bbox 707 4107 751 4156; x_wconf 79' lang='lat' dir='ltr'>the</span> <span class='ocrx_word' id='word_1_372' title='bbox 801 4108 958 4168; x_wconf 74' lang='grc' dir='ltr'>καὶὰρχῆθεν</span> <span class='ocrx_word' id='word_1_373' title='bbox 972 4105 1085 4171; x_wconf 63' lang='lat' dir='ltr'>(Alaldf</span> <span class='ocrx_word' id='word_1_374' title='bbox 1096 4107 1350 4170; x_wconf 69' lang='grc' dir='ltr'>ἐτέραςούσίαςὸπα-</span> 
     </span>
     <span class='ocr_line' id='line_1_39' title="bbox 198 4187 1351 4254; baseline 0 -16"><span class='ocrx_word' id='word_1_375' title='bbox 198 4189 340 4254; x_wconf 86' lang='lat' dir='ltr'>diphthong</span> <span class='ocrx_word' id='word_1_376' title='bbox 356 4203 418 4252; x_wconf 81' lang='lat' dir='ltr'>very</span> <span class='ocrx_word' id='word_1_377' title='bbox 435 4187 560 4252; x_wconf 85' lang='lat' dir='ltr'>evidently</span> <span class='ocrx_word' id='word_1_378' title='bbox 581 4189 751 4252; x_wconf 84' lang='lat' dir='ltr'>representing</span> <span class='ocrx_word' id='word_1_379' title='bbox 800 4191 846 4251; x_wconf 74' lang='grc' dir='ltr'>τὴρ</span> <span class='ocrx_word' id='word_1_380' title='bbox 861 4190 991 4250; x_wconf 67' lang='grc' dir='ltr'><strong><em>ἐνήργησεν</em></strong></span> <span class='ocrx_word' id='word_1_381' title='bbox 1002 4188 1031 4237; x_wconf 74' lang='grc' dir='ltr'>ἃν</span> <span class='ocrx_word' id='word_1_382' title='bbox 1042 4190 1162 4237; x_wconf 79' lang='grc' dir='ltr'><strong><em>ποιεῖσθαι</em></strong></span> <span class='ocrx_word' id='word_1_383' title='bbox 1178 4189 1227 4237; x_wconf 74' lang='grc' dir='ltr'>πᾶν</span> <span class='ocrx_word' id='word_1_384' title='bbox 1240 4187 1305 4252; x_wconf 81' lang='lat' dir='ltr'>(On.)</span> <span class='ocrx_word' id='word_1_385' title='bbox 1323 4191 1351 4238; x_wconf 80' lang='grc' dir='ltr'>τὸ</span> 
     </span>
     <span class='ocr_line' id='line_1_40' title="bbox 192 4267 1219 4336; baseline -0.008 -16"><span class='ocrx_word' id='word_1_386' title='bbox 192 4271 266 4336; x_wconf 73' lang='lat' dir='ltr'>sosio</span> <span class='ocrx_word' id='word_1_387' title='bbox 276 4276 298 4320; x_wconf 71' lang='lat' dir='ltr'>e.</span> <span class='ocrx_word' id='word_1_388' title='bbox 801 4271 900 4332; x_wconf 77' lang='grc' dir='ltr'>φύραμα</span> <span class='ocrx_word' id='word_1_389' title='bbox 911 4270 984 4328; x_wconf 65' lang='grc' dir='ltr'><strong>αὐτῆς</strong></span> <span class='ocrx_word' id='word_1_390' title='bbox 995 4267 1047 4332; x_wconf 83' lang='grc' dir='ltr'>(τῆς</span> <span class='ocrx_word' id='word_1_391' title='bbox 1058 4267 1152 4329; x_wconf 76' lang='grc' dir='ltr'>σαρκός,</span> <span class='ocrx_word' id='word_1_392' title='bbox 1164 4267 1219 4332; x_wconf 74' lang='lat' dir='ltr'>sa).</span> 
     </span>
    </p>

    <p class='ocr_par' dir='ltr' id='par_1_8' title="bbox 250 4350 1349 4415">
     <span class='ocr_line' id='line_1_41' title="bbox 250 4350 1349 4415; baseline 0.001 -14"><span class='ocrx_word' id='word_1_393' title='bbox 250 4351 305 4401; x_wconf 70' lang='lat' dir='ltr'>&#39;br&#39;</span> <span class='ocrx_word' id='word_1_394' title='bbox 317 4353 475 4412; x_wconf 72' lang='grc' dir='ltr'>άλλῆςτινω,</span> <span class='ocrx_word' id='word_1_395' title='bbox 483 4350 676 4415; x_wconf 65' lang='grc' dir='ltr'>ροναῑωναηις.</span> <span class='ocrx_word' id='word_1_396' title='bbox 849 4351 861 4386; x_wconf 89' lang='lat'>⁷</span> <span class='ocrx_word' id='word_1_397' title='bbox 872 4353 1047 4415; x_wconf 66' lang='lat' dir='ltr'>perinaaAs,</span> <span class='ocrx_word' id='word_1_398' title='bbox 1060 4351 1170 4413; x_wconf 71' lang='lat' dir='ltr'>buten,</span> <span class='ocrx_word' id='word_1_399' title='bbox 1180 4351 1272 4414; x_wconf 86' lang='lat' dir='ltr'>Voss,</span> <span class='ocrx_word' id='word_1_400' title='bbox 1283 4353 1349 4402; x_wconf 77' lang='lat' dir='ltr'>Vm.</span> 
     </span>
    </p>

    <p class='ocr_par' dir='ltr' id='par_1_9' title="bbox 199 4432 1353 4666">
     <span class='ocr_line' id='line_1_42' title="bbox 249 4432 1353 4500; baseline -0.001 -16"><span class='ocrx_word' id='word_1_401' title='bbox 249 4432 752 4498; x_wconf 71' lang='lat' dir='ltr'>&#39;lbetextasprintedbszssnand</span> <span class='ocrx_word' id='word_1_402' title='bbox 797 4435 900 4498; x_wconf 57' lang='lat' dir='ltr'>petent.</span> <span class='ocrx_word' id='word_1_403' title='bbox 936 4437 1056 4496; x_wconf 75' lang='grc' dir='ltr'>ἀπώλετο,</span> <span class='ocrx_word' id='word_1_404' title='bbox 1072 4433 1154 4484; x_wconf 81' lang='lat' dir='ltr'>would</span> <span class='ocrx_word' id='word_1_405' title='bbox 1171 4435 1260 4500; x_wconf 82' lang='lat' dir='ltr'>satisfy</span> <span class='ocrx_word' id='word_1_406' title='bbox 1274 4435 1353 4484; x_wconf 82' lang='lat' dir='ltr'>either</span> 
     </span>
     <span class='ocr_line' id='line_1_43' title="bbox 199 4515 1352 4582; baseline -0.001 -16"><span class='ocrx_word' id='word_1_407' title='bbox 199 4517 329 4567; x_wconf 75' lang='lat' dir='ltr'>Messala·</span> <span class='ocrx_word' id='word_1_408' title='bbox 339 4533 400 4582; x_wconf 78' lang='lat' dir='ltr'>msy</span> <span class='ocrx_word' id='word_1_409' title='bbox 410 4516 449 4578; x_wconf 89' lang='lat' dir='ltr'>do,</span> <span class='ocrx_word' id='word_1_410' title='bbox 460 4515 557 4580; x_wconf 87' lang='lat' dir='ltr'>though</span> <span class='ocrx_word' id='word_1_411' title='bbox 568 4515 618 4564; x_wconf 87' lang='lat' dir='ltr'>itis</span> <span class='ocrx_word' id='word_1_412' title='bbox 629 4520 674 4564; x_wconf 89' lang='lat' dir='ltr'>not</span> <span class='ocrx_word' id='word_1_413' title='bbox 680 4516 751 4565; x_wconf 76' lang='lat' dir='ltr'>witb-</span> <span class='ocrx_word' id='word_1_414' title='bbox 800 4517 910 4582; x_wconf 85' lang='lat' dir='ltr'>reading,</span> <span class='ocrx_word' id='word_1_415' title='bbox 926 4517 986 4582; x_wconf 83' lang='lat' dir='ltr'>only</span> <span class='ocrx_word' id='word_1_416' title='bbox 994 4517 1103 4580; x_wconf 63' lang='lat' dir='ltr'>perierat</span> <span class='ocrx_word' id='word_1_417' title='bbox 1115 4531 1201 4566; x_wconf 78' lang='lat' dir='ltr'>occurs</span> <span class='ocrx_word' id='word_1_418' title='bbox 1214 4517 1291 4566; x_wconf 71' lang='lat' dir='ltr'>above</span> <span class='ocrx_word' id='word_1_419' title='bbox 1302 4517 1352 4566; x_wconf 89' lang='lat' dir='ltr'>and</span> 
     </span>
     <span class='ocr_line' id='line_1_44' title="bbox 200 4599 889 4666; baseline 0 -18"><span class='ocrx_word' id='word_1_420' title='bbox 200 4607 246 4650; x_wconf 90' lang='lat' dir='ltr'>ont</span> <span class='ocrx_word' id='word_1_421' title='bbox 262 4601 296 4652; x_wconf 86' lang='lat' dir='ltr'>ite</span> <span class='ocrx_word' id='word_1_422' title='bbox 313 4601 494 4666; x_wconf 81' lang='lat' dir='ltr'>dooumeutsry</span> <span class='ocrx_word' id='word_1_423' title='bbox 507 4599 656 4652; x_wconf 82' lang='lat' dir='ltr'>difficulties.</span> <span class='ocrx_word' id='word_1_424' title='bbox 700 4599 753 4650; x_wconf 75' lang='lat' dir='ltr'>nne</span> <span class='ocrx_word' id='word_1_425' title='bbox 802 4599 889 4649; x_wconf 86' lang='lat' dir='ltr'>below.</span> 
     </span>
    </p>
   </div>
   <div class='ocr_carea' id='block_1_4' title="bbox 1382 568 1474 608">
    <p class='ocr_par' dir='ltr' id='par_1_10' title="bbox 1382 568 1474 608">
     <span class='ocr_line' id='line_1_45' title="bbox 1382 568 1474 608; baseline 0 0"><span class='ocrx_word' id='word_1_426' title='bbox 1382 568 1435 608; x_wconf 80' lang='lat' dir='ltr'>trs.</span> <span class='ocrx_word' id='word_1_427' title='bbox 1447 569 1474 608; x_wconf 92' lang='grc' dir='ltr'><em>Β.</em></span> 
     </span>
    </p>
   </div>
   <div class='ocr_carea' id='block_1_5' title="bbox 1362 615 1494 792">
    <p class='ocr_par' dir='ltr' id='par_1_11' title="bbox 1362 615 1480 746">
     <span class='ocr_line' id='line_1_46' title="bbox 1362 615 1471 700; baseline -0.014 0"><span class='ocrx_word' id='word_1_428' title='bbox 1362 661 1406 700; x_wconf 76' lang='grc' dir='ltr'>ΟΒ.</span> <span class='ocrx_word' id='word_1_429' title='bbox 1408 615 1471 699; x_wconf 76' lang='lat' dir='ltr'>Viri</span> 
     </span>
     <span class='ocr_line' id='line_1_47' title="bbox 1373 671 1494 792; baseline 0 -46"><span class='ocrx_word' id='word_1_430' title='bbox 1373 708 1456 792; x_wconf 43' lang='grc' dir='ltr'>ΜΛΙΒΒι</span> <span class='ocrx_word' id='word_1_431' title='bbox 1461 671 1494 746; x_wconf 88' lang='lat' dir='ltr'>V.</span> 
     </span>
    </p>
   </div>
   <div class='ocr_carea' id='block_1_6' title="bbox 1355 831 1505 843">
    <p class='ocr_par' dir='ltr' id='par_1_12' title="bbox 1355 831 1505 843">
     <span class='ocr_line' id='line_1_48' title="bbox 1355 831 1505 843; baseline -0.02 0"><span class='ocrx_word' id='word_1_432' title='bbox 1355 831 1505 843; x_wconf 81' lang='lat'>———-</span> 
     </span>
    </p>
   </div>
   <div class='ocr_carea' id='block_1_7' title="bbox 0 0 1656 5086">
    <p class='ocr_par' dir='ltr' id='par_1_13' title="bbox 0 0 1656 5086">
     <span class='ocr_line' id='line_1_49' title="bbox 0 0 1656 5086; baseline 0 0"><span class='ocrx_word' id='word_1_433' title='bbox 0 0 1656 5086; x_wconf 95' lang='lat' dir='ltr'> </span> 
     </span>
    </p>
   </div>
  </div>
 </body>
</html>
