3292 5068
577 463 676 518 nnus
700 464 747 516 nr
772 463 956 518 pommus.
1297 451 1341 519 23

188 617 305 704 eripere
324 617 475 704 papulam
500 617 588 683 lunc.
625 617 699 704 lpse
718 624 768 683 est
789 616 873 683 enim
891 617 943 704 qui
965 617 1135 698 descendit,
1154 624 1187 684 et
1200 617 1457 716 ascenditbgffl·
1459 631 1507 716 32

186 731 314 808 propter
333 723 467 789 salutem
488 722 658 788 hominum.
704 723 768 788 Per
784 722 901 788 Filium
920 723 1026 810 itaque
1043 723 1096 810 qui
1116 723 1218 788 estin
1233 723 1449 808 Patre‚„“³⁸⁸·
1454 723 1494 764 ¹¹¹·

187 833 221 890 et
241 825 366 890 habet
355 847 388 889 ιιι
408 847 443 891 se
460 825 632 906 Patrem,
622 848 650 892 rs
671 825 732 908 Qui
750 834 809 900 est
825 827 1044 892 manifestatus
1065 833 1115 892 est
1130 826 1228 905 Deus,
1245 826 1342 892 Patre
1355 843 1505 852 ·”-“

89 951 118 992 ιι.
130 953 169 993 ιιι.
189 927 402 992 testimonium
437 927 618 1014 perhibente
655 929 748 1006 Filio,
780 938 814 996 et
852 929 931 995 Filio
966 929 1173 994 annuntiante
1202 930 1341 995 Patrem.

190 1029 458 1111 Quemadmodum
472 1039 505 1096 et
520 1031 633 1097 Esaias
646 1032 710 1097 ait:
733 1033 778 1097 Et
792 1054 852 1120 epo,
868 1032 977 1120 inquit,
993 1033 1084 1113 leeth,
1100 1032 1177 1098 dicit
1191 1032 1343 1097 Dominus
1356 1054 1505 1096 numism

186 1134 281 1212 Deos,
297 1144 325 1198 et
331 1156 416 1220 puer
429 1156 516 1222 quem
530 1135 615 1222 slepi,
630 1137 679 1200 uti
696 1138 886 1223 nequeuntis,
901 1147 929 1202 ct
946 1136 1088 1216 cedma,
1104 1146 1133 1202 ct
1152 1135 1341 1222 intellipatia

185 1237 330 1321 quoniam
341 1258 391 1322 σφι
404 1258 481 1302 sous.
527 1237 607 1303 Cum
622 1247 728 1303 autem
738 1260 802 1314 eos,
818 1238 946 1326 quinon
960 1246 1035 1304 sunt
1049 1238 1264 1317 dii,n0minat‚
1279 1259 1343 1302 non

87 1343 165 1443 ξιξ·
185 1337 219 1401 in
239 1345 353 1415 totum,
378 1339 639 1424 quemadmodum
661 1340 802 1426 praedixi,
824 1340 986 1428 Scriptura
1007 1339 1144 1406 ostendit
1164 1339 1234 1405 illos
1255 1340 1341 1419 deos,

184 1440 241 1505 sed
253 1463 326 1505 cum
337 1440 440 1526 aliquo
452 1441 665 1506 additamento
676 1451 709 1507 et
720 1442 957 1530 significatione,
965 1465 1021 1530 per
1032 1465 1125 1530 quam
1137 1443 1343 1508 ostenduntur

185 1565 249 1608 non
270 1566 340 1610 esse
361 1543 415 1609 dii.
451 1543 721 1625 Quemadmodum
743 1546 827 1632 apud
850 1545 971 1611 David:
996 1547 1058 1612 Dii
1081 1546 1233 1624 Gontimo,
1256 1545 1342 1610 idolo
1356 1565 1473 1606 mma

185 1645 415 1713 daemouiorum.
454 1645 498 1712 Et
512 1647 718 1714 Dsosalieuos
731 1647 1005 1715 minutiatis.
1040 1649 1093 1714 Ex
1107 1670 1145 1714 eo
1159 1647 1243 1714 enim
1258 1647 1341 1735 quod
1355 1671 1496 1712 nissen.

186 1749 272 1830 dicit,
305 1752 354 1816 dii
383 1751 534 1832 Gratiam,
572 1751 693 1818 Gentes
723 1762 830 1818 autem
861 1775 967 1820 verum
993 1741 1103 1820 Deum'
1125 1752 1278 1832 nesciunt,
1309 1761 1342 1818 et

186 1854 301 1920 alienos
319 1854 387 1920 deos
405 1856 570 1922 nominans
592 1879 656 1937 ecs,
679 1858 810 1924 abstulit
829 1859 911 1946 quod
928 1859 992 1924 sint
1006 1858 1059 1924 dii.
1104 1858 1136 1923 A
1157 1880 1215 1924 sua
1235 1864 1342 1922 autem

184 1979 318 2044 persona
333 1959 432 2046 lquod
447 1967 495 2024 est
510 1959 586 2024 dicit
598 1961 637 2026 de
651 1961 741 2048 ipsis:
760 1961 841 2027 Sunt
852 1962 935 2027 enim
950 1962 1044 2042 idola
1060 1962 1169 2049 iuquit,
1181 1961 1343 2028 doenwoio·
1543 2017 1549 2026 ,

186 2083 267 2128 ram.
311 2063 357 2128 Et
380 2063 509 2128 Esaias:
536 2063 773 2150 Consummatur
786 2087 886 2132 omncs
900 2067 954 2154 qui
968 2065 1176 2152 inponant
1188 2067 1301 2146 Deum,
1314 2075 1343 2132 ot
1356 2085 1409 2126 niu.
1418 2086 1470 2127 mv.
1478 2089 1497 2128 s.

185 2166 481 2252 impenitentis,
497 2172 542 2234 ist
556 2189 605 2254 opo
619 2170 710 2248 leeth,
726 2169 804 2234 elicit
817 2169 978 2236 Dominus.
1022 2168 1167 2234 Abstulit
1181 2169 1264 2257 quod
1278 2169 1343 2235 siut

184 2268 247 2345 dii;
270 2269 337 2336 solo
358 2279 465 2336 antem
483 2271 582 2336 utitur
599 2263 735 2350 nomine,
750 2273 791 2336 ad
813 2272 883 2352 hoc,
898 2280 935 2338 ut
954 2273 1091 2338 sciamus
1109 2272 1149 2337 de
1172 2293 1234 2357 quo
1252 2271 1340 2338 dicit.

185 2373 260 2439 Hoc
282 2383 389 2438 autem
414 2375 516 2461 ipsum
542 2384 575 2441 et
599 2375 777 2441 Jeremias:
805 2376 876 2454 Dii,
899 2375 1010 2462 iuquit,
1036 2375 1091 2462 qui
1119 2397 1179 2440 ocu
1198 2375 1462 2459 sermotiem.

185 2477 291 2542 culum
306 2487 334 2543 rt
348 2487 472 2557 terram,
481 2490 615 2567 peremit
629 2480 666 2545 ds
680 2489 765 2545 terro
780 2484 866 2566 ³qooe
880 2488 923 2544 sat
942 2478 997 2543 sut
1012 2478 1092 2543 coeh.
1138 2477 1190 2542 Ex
1205 2499 1243 2543 eo
1258 2478 1343 2544 enim

185 2581 268 2665 quod
283 2580 488 2664 perditionem
502 2603 609 2646 eorum
624 2581 750 2669 adjecit,
766 2581 905 2647 ostendit
918 2602 981 2646 nou
996 2601 1065 2645 esse
1085 2601 1140 2645 eos
1154 2579 1252 2646 Deos.
1296 2579 1342 2646 Et

185 2680 298 2747 Helias
322 2691 429 2748 autem
455 2692 626 2749 convocato
649 2684 793 2749 universo
818 2682 947 2748 lsrael
938 2704 971 2746 m
993 2681 1170 2747 Carmelum
1190 2689 1339 2760 montem,

183 2784 290 2850 volens
304 2808 359 2852 eos
371 2787 413 2852 ab
427 2786 570 2852 idolatria
583 2796 733 2866 avertere,
747 2789 794 2852 ait
808 2787 872 2852 eis:
894 2787 1049 2872 Quwsqus
1061 2783 1277 2851 chodicoditis
1291 2807 1341 2850 cos
1352 2805 1424 2892 anag.
1433 2817 1462 2846 ι
1449 2806 1491 2846 ιιι.

184 2887 220 2952 io
235 2909 287 2953 am
288 2888 403 2954 bobus*
410 2889 651 2976 auffraqioidost
671 2892 729 2956 idi
743 2913 822 2956 unus
839 2898 881 2955 ost
894 2889 1046 2955 Drmiam
1055 2889 1150 2968 Deos,
1166 2889 1262 2953 uenite
1268 2853 1374 2974 ,oon⁹1

184 3013 263 3057 com.
295 2993 363 3058 Et
354 3003 468 3059 iterum
483 3015 576 3080 super
589 2993 752 3060 holocaust
738 3002 806 3059 tum
820 2993 866 3059 sic
880 2991 926 3058 ait
940 2992 1092 3057 idolorum
1106 2991 1337 3058 sacerdotibus·

191 3094 250 3160 Vos
271 3095 450 3161 invocabitis
474 3097 510 3161 io
532 3097 651 3162 nominc
673 3096 799 3162 deorum
819 3105 995 3176 vestrorum,
1018 3104 1047 3160 ct
1068 3117 1118 3182 epo
1139 3095 1282 3160 inuocato
1304 3097 1491 3196 topper-xvir·

181 3285 290 3346 dmm,
304 3285 355 3336 ctat
365 3286 395 3337 he
404 3286 480 3350 micis
485 3287 527 3350 fill
535 3286 687 3350 alithiam?
697 3303 733 3348 or,
837 3286 849 3320 ⁴
864 3285 1053 3350 Maspiorhus.
1076 3285 1130 3334 'Phe
1135 3285 1201 3334 hook
1207 3285 1236 3334 ol
1244 3285 1343 3350 aquad-

182 3385 211 3418 as
222 3369 243 3418 it
253 3369 336 3418 would
342 3386 416 3430 seem,
426 3371 452 3418 in
460 3370 565 3420 allusion
573 3375 599 3419 to
606 3369 736 3420 thewords
789 3367 868 3433 ruped
878 3384 906 3416 as
917 3367 1098 3432 distinguished
1109 3366 1172 3416 irom
1184 3367 1226 3416 the
1237 3367 1342 3432 hneeby

182 3449 212 3498 oi
227 3450 270 3499 the
289 3449 395 3500 Baetem
407 3450 492 3512 Oread,
511 3451 563 3499 wlco
573 3451 621 3514 for
636 3467 666 3500 aa
682 3466 737 3500 meo
788 3451 831 3498 the
841 3449 975 3499 buckward
990 3449 1063 3499 bend.
1100 3449 1158 3508 Qua
1168 3448 1264 3498 animal
1272 3465 1340 3513 parc-

182 3531 235 3581 and
245 3531 292 3594 sor
306 3549 353 3581 our
367 3531 487 3582 εαὶυαιίοιι
503 3548 569 3582 corne
584 3532 655 3581 deson
665 3533 736 3595 from
788 3530 1142 3594 rontpmooontcscflcdont,
1153 3531 1342 3594 dsuffmpioum

180 3612 278 3662 haren
306 3613 423 3678 Vrewing
433 3614 477 3663 the
487 3619 596 3676 context,
605 3614 734 3675 therefore,
789 3612 1014 3663 criminosorum.
1022 3649 1040 3663 ..
1048 3613 1127 3675 Aoos,
1139 3613 1342 3677 utquodrupcdcs

180 3695 203 3743 it
222 3695 285 3744 naed
301 3699 347 3744 not
362 3696 469 3760 surprise
486 3712 516 3745 us
535 3697 592 3745 that
610 3697 736 3744 laurinus
788 3696 843 3745 alar
863 3695 892 3745 ia
910 3696 999 3759 priora
1019 3702 1127 3756 macor,
1150 3696 1295 3759 ψαρίπα
1312 3696 1341 3745 io

181 3775 274 3826 should
283 3777 348 3825 have
362 3776 583 3841 perccivedinthe
594 3781 699 3826 account
710 3777 739 3826 of
784 3777 925 3838 poderim.
962 3775 1213 3826 Punuaalvar.
1238 3787 1339 3838 11.45.

181 3857 268 3908 Moses
286 3874 302 3907 a
317 3859 503 3908 mmilastation
521 3857 550 3908 oi
567 3859 611 3907 the
634 3857 685 3908 Son
707 3873 735 3907 as
788 3859 842 3908 The
863 3858 953 3909 LXX.
970 3859 1034 3907 have
1055 3857 1114 3906 here
1136 3859 1174 3907 ἐπ’
1194 3859 1341 3922 ἀμφοτέρως

181 3939 478 3990 venundemus.
788 3943 887 4002 tyrow.
920 3939 1094 3989 moneam
1106 3938 1215 4014 uturp]
1234 3927 1290 4016 ’pp‘
1305 3913 1341 4004 tr

231 4019 541 4084 ¹alrrorpcrciwrddrrr
553 4019 716 4086 (εἴδωλαεοη)
788 4021 871 4071 would
892 4023 957 4071 have
978 4021 1041 4070 baeu
1062 4019 1181 4070 rendered
1202 4020 1284 4069 better
1305 4022 1340 4087 by

230 4100 337 4152 ’These
358 4103 506 4168 concluding
529 4105 611 4153 words
638 4120 680 4153 are
701 4120 734 4153 an
788 4103 828 4152 ἐπ’
846 4103 989 4166 ἀμφοτέροις
1004 4103 1107 4166 μέρεσιν.
1143 4101 1177 4150 So
1193 4101 1338 4164 Gustatus,

180 4182 365 4247 interpolation,
383 4185 478 4249 haring
492 4185 555 4236 been
568 4185 684 4250 repeated
699 4186 735 4251 by
788 4184 839 4248 aas
846 4185 887 4234 dhe
899 4185 982 4234 beiden
993 4183 1079 4234 Seiten.

180 4265 225 4316 the
241 4265 401 4332 mdessnesq
413 4267 442 4316 ci
454 4268 497 4316 ths
507 4268 599 4329 writer,
614 4283 641 4316 as
658 4267 733 4316 ΜΔΕ·
836 4266 887 4317 'Si
897 4282 963 4316 unua
972 4272 1004 4316 est
1012 4265 1141 4316 Dominus.
1159 4266 1248 4318 LXX.
1259 4269 1279 4316 ct
1287 4267 1340 4318 ἔστι

180 4359 247 4396 surr
255 4363 382 4412 supposes,
391 4349 735 4416 fromthspracedingquota·
789 4350 976 4414 noptosreets.
1005 4349 1058 4399 '.[he
1066 4349 1205 4398 wordsoaur
1214 4349 1341 4415 evidently

180 4429 235 4478 tion
245 4428 310 4478 from
322 4429 414 4480 Isaiah.
788 4449 857 4482 arose
867 4434 932 4482 from
943 4449 959 4480 a
969 4432 1112 4497 corruption
1124 4433 1152 4481 ol
1160 4435 1181 4481 el
1192 4434 1251 4482 ἔστι.
1264 4432 1339 4482 Mus·

229 4509 356 4560 muns.
351 4483 630 4591 rhcsssppntnppt
643 4513 732 4565 Lxx.
789 4527 853 4566 sues
866 4515 987 4578 imagines
1001 4515 1113 4564 ruscius
1129 4514 1265 4564 tanaitas
1280 4513 1341 4563 ms

180 4595 222 4644 rai
230 4565 640 4657 trordrodvrotcdpomuridrou.
652 4596 731 4661 Vulg.
788 4599 821 4647 etr
836 4597 875 4646 t'or
891 4597 918 4657 el,
938 4595 988 4644 aud
1003 4595 1061 4644 that
1075 4595 1120 4644 the
1135 4595 1238 4659 particle
1253 4593 1340 4645 riwes

180 4675 547 4741 etdclticqrmrudcoelosunt.
787 4678 867 4728 added
877 4678 941 4728 from
952 4678 995 4727 the
1005 4677 1047 4726 old
1057 4677 1131 4727 Italic
1141 4677 1246 4726 version.
