3276 5086
485 417 810 471 nssunancmoms
827 417 1022 472 rumorum.
1266 403 1333 467 323

181 579 513 675 προσλαμβανόμενιι
543 581 605 650 τόν
629 579 738 671 λόγον
759 582 821 651 τοῦ
842 579 939 664 Θεοῦ,
971 579 1168 678 εῦχαριστέα
1195 579 1495 678 γένετοιῷξξῂξιῑξῇ

185 689 201 718 ει
292 691 424 717 as«
536 689 603 722 ιφ
711 697 727 714 Α
885 699 900 714 a
958 688 975 718 ιι
1097 690 1249 720 tter
1345 685 1496 726 usssvntt

181 721 264 789 ὓπερ
284 723 359 763 cort
378 723 474 774 σωμα
493 721 546 761 Καὶ
566 722 646 774 αἱμα
664 723 725 762 Τοῦ
739 691 909 790 Χριστοῦ·
936 723 1037 769 Οὕτως
1054 724 1107 763 Καὶ
1124 724 1170 765 Τα
1188 724 1330 791 ημετέρα
1345 761 1496 772 ,ῤ-

181 804 323 886 σόματιι
346 801 385 898 ἐξ
407 805 504 886 ari-rire
532 805 735 902 τρεφόμενα,
762 805 815 874 καὶ
845 805 986 877 τεθέντα
1018 837 1061 882 εις
1092 806 1153 888 τὴν
1179 813 1248 896 γῆν,
1277 805 1330 876 rai
1343 797 1473 838 busana

182 912 379 987 θιαλυθέντα
400 917 432 986 έν
451 917 542 1008 αὐτῇ,
562 915 788 999 ἀναστήσεται
808 917 840 986 έν
859 924 913 1006 τῷ
926 915 995 1008 ι’θῖῳ
1014 921 1126 1016 καιρῷ,
1143 919 1332 1010 τοῦλόγου

181 1033 244 1098 τοῦ
262 1027 349 1099 Θεοῦ
365 1028 424 1112 τὴν
446 1029 579 1128 ἔγερσιν
605 1028 716 1106 αότοΐς
739 1029 959 1130 χαριζομένου
983 1031 1026 1106 εἷς
1052 1029 1153 1124 δόξαν
1172 1029 1260 1100 Θεοῦ
1276 1029 1330 1100 καὶ

181 1137 320 1240 πατρός·
349 1139 382 1217 ὃς
403 1141 503 1217 ὅντως
520 1143 571 1229 τῷ
591 1141 697 1231 θνητῷ
721 1141 781 1224 τὴν
800 1142 983 1212 ἀθανασίαν
1004 1152 1178 1240 περιποιεῖ,
1203 1141 1256 1212 rol
1282 1145 1332 1240 τηῖΙ

181 1255 327 1351 φθαρτῷ
352 1253 412 1336 την
436 1253 633 1351 ἀφθαρσίαν
652 1252 927 1354 1προχορέζεϊαι,
946 1255 1000 1326 ὅτι
1020 1252 1147 1339 όόναμις
1166 1259 1229 1327 τοῦ
1245 1255 1333 1325 Θεοῦ

182 1365 215 1433 έν
243 1365 394 1457 ἆσθενεῖᾳ
424 1371 622 1437 τελειοῦται·
662 1367 714 1436 ἰ’να
737 1365 781 1449 μὴ
812 1369 852 1442 ὡς
878 1363 916 1461 ἐξ
943 1371 1029 1450 ἡμῶν
1062 1368 1169 1438 adraim
1198 1369 1332 1462 ἔχοντες

181 1476 241 1558 τὴν
265 1475 346 1578 ζωὴν
369 1481 573 1576 φνσηθιῦμεν,
601 1477 656 1547 καὶ
679 1477 890 1577 ’έπαρθῶμέν
919 1511 1006 1550 ποτε
1031 1477 1118 1552 κατὰ
1144 1485 1208 1550 τοῦ
1234 1479 1331 1564 Θεοῦ,

182 1586 372 1687 ἆχόριστον
389 1592 511 1660 ἔννοιαν
528 1589 765 1678 ἀναλαβόντες·
786 1589 885 1688 πείρᾳ
905 1589 939 1661 δὲ
956 1592 1128 1676 μαθόντες,
1146 1591 1200 1662 ότι
1221 1591 1255 1660 έκ
1274 1599 1332 1672 τῆς

182 1702 300 1772 ἐκείνου
333 1705 503 1802 ὑπεροχῆς,
535 1703 590 1772 οῦκ
623 1703 656 1773 έκ
682 1709 740 1785 τῆς
764 1704 923 1802 ἡμετέρας
953 1705 1089 1803 φόσειος,
1116 1704 1176 1786 τὴν
1207 1703 1249 1779 εἷς
1283 1702 1332 1772 dei

76 1839 161 1880 armat
183 1814 375 1913 repertorio
389 1815 515 1910 ἔχομεν,
533 1819 618 1900 μήτε
637 1821 694 1897 τῆς
712 1815 788 1914 περὶ
804 1813 890 1886 Θεόν
908 1813 1011 1909 δόξης,
1029 1821 1090 1894 θὼς
1104 1816 1207 1900 ἔστὶν,
1227 1816 1333 1886 ὀστο-

181 1931 341 2023 χήσωμεν,
368 1932 453 2011 μήτε
476 1929 536 2010 τὴν
561 1929 722 2028 ἡμετέραν
747 1928 848 2026 φόσιν
863 1928 1085 2020 ἀγνοήσομεν·
1113 1927 1190 1999 ἁλλ’
1207 1925 1331 2011 idsteten,

180 2041 217 2112 τέ
248 2042 267 2110 ὁ
292 2038 376 2116 Θεὸς
399 2038 542 2124 δύναται,
573 2039 626 2110 καὶ
660 2039 696 2112 τί
733 2038 904 2137 ἅνθρωπος
939 2041 1169 2140 εόεργετεῖται·
1207 2037 1260 2110 καὶ
1289 2040 1334 2123 μὴ

181 2153 367 2251 σφαλῶμέν
392 2183 479 2224 ποτε
508 2159 566 2234 τῆς
590 2152 730 2234 ἀληθοῦς
758 2152 835 2250 περὶ
859 2156 926 2224 τῶν
947 2154 1057 2237 ὄντων,
1075 2157 1115 2229 ὡς
1134 2154 1237 2236 ἔστιν,
1256 2155 1336 2222 ὖπο-

182 2265 326 2360 λήψεως,
357 2266 527 2348 τουτέστι,
548 2263 635 2334 Θεοῦ
665 2295 704 2336 τε
735 2264 789 2333 καὶ
817 2264 1005 2364 ἇνθρόπιον.
1057 2265 1206 2357 Μητιγε,
1230 2264 1335 2340 καθός

181 2494 266 2558 entia
282 2495 409 2558 verbum
424 2492 485 2558 Dei
503 2491 701 2557 Eucharistia
722 2491 829 2570 ⁴liunt,
849 2491 932 2578 quod
950 2499 998 2558 est
1020 2511 1132 2576 eorpus
1154 2498 1187 2556 et
1208 2490 1336 2577 sanguis

183 2595 318 2660 Christi:
342 2596 388 2662 sie
403 2605 436 2661 et
455 2603 562 2661 nostra
577 2617 705 2680 corpora
719 2617 759 2659 ex
774 2617 812 2660 ea
823 2595 951 2674 nutrita,
967 2604 1000 2660 et
1014 2595 1151 2680 reposita
1165 2595 1197 2658 in
1209 2603 1334 2672 terram,

182 2705 215 2762 et
229 2697 365 2763 resoluta
379 2697 412 2762 in
434 2720 481 2776 ea,
502 2707 666 2785 resurgent
681 2698 713 2760 in
736 2720 794 2762 suo
814 2706 965 2784 tempore,
983 2696 1091 2762 Verbo
1106 2696 1167 2761 Dei
1182 2718 1336 2763 resurree-

181 2799 299 2866 tionem
323 2801 368 2866 eis
391 2801 536 2878 donante,
563 2799 595 2863 in
616 2799 747 2887 gloriam
772 2799 834 2865 Dei
857 2800 981 2866 Patris:
1013 2799 1066 2886 qui
1095 2800 1190 2864 ⁶huio
1212 2801 1334 2864 mortali
1347 2817 1495 2860 lemn-m

180 2903 446 2970 immortalitatem
461 2904 643 2984 circumdat,
666 2911 699 2969 et
720 2905 913 2992 corruptibili
935 2903 1174 2990 incorruptelam
1195 2903 1334 2990 gratuito

181 3007 287 3085 donat,
303 3008 449 3094 quoniam
463 3007 561 3074 virtus
580 3007 640 3072 Dei
656 3007 705 3072 ⁶in
720 3007 901 3072 infirmitate
916 3006 1092 3093 perficitur:
1116 3013 1153 3070 ut
1166 3029 1230 3072 non
1244 3007 1333 3093 quasi
1345 3031 1410 3072 reor.
1420 3032 1456 3072 nr.
1465 3035 1483 3072 a

179 3131 219 3173 ex
246 3110 411 3196 nobisipsis
439 3110 589 3176 habentes
610 3110 716 3190 vitam,
738 3110 880 3175 inflemur
900 3109 1066 3196 aliquando
1090 3116 1124 3173 et
1148 3109 1335 3175 extollamur

181 3212 329 3278 adversus
356 3213 469 3292 Deum,
504 3213 660 3301 ingratam
692 3195 834 3278 mentem
870 3213 1080 3298 accipientem
1118 3211 1334 3297 experimento

181 3317 304 3381 ⁷eutem
318 3317 483 3394 discentes,
497 3317 643 3403 quoniam
657 3337 697 3382 ex
711 3315 793 3380 illius
807 3315 1032 3402 magnitudine,
1046 3322 1080 3380 et
1094 3336 1158 3378 non
1171 3337 1212 3380 ex
1227 3322 1334 3380 nostra

180 3429 301 3498 natura,
315 3420 466 3486 habemus
481 3419 513 3484 in
527 3427 679 3484 aeteruum
694 3418 964 3504 perseverantiam,
980 3439 1080 3504 neque
1094 3419 1135 3482 ab
1149 3439 1188 3483 ea
1202 3439 1271 3505 quae
1284 3423 1334 3482 est

180 3523 263 3588 eirea
276 3523 397 3586 ⁸Deum
408 3522 515 3609 gloria,
527 3522 619 3588 sieuti
631 3529 690 3601 est,
701 3523 884 3586 frustremur
897 3521 1073 3608 aliquando,
1082 3541 1183 3606 neque
1194 3528 1333 3586 nostram

180 3632 324 3688 naturam
338 3623 515 3712 ignoremus
527 3651 535 3700 ς
557 3625 612 3690 sed
628 3633 665 3690 ut
678 3625 825 3704 sciamus,
840 3632 873 3689 et
887 3623 963 3710 quid
977 3624 1066 3690 Deus
1080 3631 1195 3710 potest,
1210 3629 1243 3687 et
1258 3621 1333 3708 quid

180 3723 274 3788 homo
289 3727 431 3791 beneficii
447 3727 578 3811 accipit:
599 3735 631 3791 et
646 3747 709 3790 uon
722 3747 862 3791 erremus
876 3725 1043 3812 aliquando
1065 3747 1085 3790 a
1106 3747 1179 3790 vera
1192 3745 1332 3809 eompre-

180 3825 329 3892 hension'e
354 3849 544 3914 eorumquae
564 3835 648 3906 sunt,
669 3835 702 3893 et
721 3827 984 3914 quemadmodum
1002 3835 1086 3907 sunt,
1103 3825 1197 3892 idest
1218 3823 1280 3890 Dei
1299 3834 1333 3892 et

179 3927 324 3994 hominis.
369 3929 415 3992 Et
432 3928 582 4014 numquid
600 3929 690 4008 sorte,
705 3929 966 4014 quemadmodum
982 3930 1192 4016 praediximus,
1207 3935 1333 4016 propter

229 4129 238 4161 ¹
256 4129 381 4193 ῑιηεπᾶνιιι
389 4145 444 4179 eam
451 4130 581 4194 Inter-prete
588 4133 676 4194 προῖκα
683 4149 729 4193 χιι·
830 4132 925 4196 ⁴fiuat,
945 4134 988 4182 the
1006 4133 1109 4197 reading
1126 4133 1155 4181 of
1168 4131 1266 4194 Mass,
1287 4133 1334 4182 but

177 4213 276 4274 ρῐζεναι,
291 4212 347 4275 jam
360 4211 484 4281 annotarit
501 4211 653 4262 ιίοιίιῗιιίπιιι
668 4213 730 4264 Oete·
782 4215 837 4277 Cu,
851 4215 943 4277 Voss,
957 4215 1007 4264 and
1018 4215 1191 4275 Gsansflant.

179 4295 262 4356 letter,
275 4295 415 4345 Μαλλοῦ.
428 4295 517 4344 Gr.111.
527 4293 582 4358 643.
609 4295 695 4345 Mass.
830 4297 842 4330 ⁸
858 4297 923 4358 hoto,
941 4299 1079 4361 indioatiug
1091 4298 1170 4358 τοντῷ
1180 4297 1219 4346 ior
1229 4297 1308 4347 error.

227 4375 240 4408 ⁸
254 4376 371 4425 Gaasn's
382 4375 527 4440 suggestion
542 4377 563 4426 is
578 4377 687 4441 adopted
703 4377 730 4426 in
831 4377 842 4411 ⁸
858 4379 885 4427 r'n
897 4379 1001 4428 omitted
1012 4379 1038 4427 in
1049 4379 1092 4426 the
1103 4378 1211 4428 Aroma
1223 4393 1295 4442 copy.

179 4457 222 4506 the
232 4463 293 4518 text,
307 4458 403 4508 instead
415 4458 444 4507 of
452 4459 603 4522 ἀταρθῶμεν.
830 4459 842 4492 ⁷
858 4467 938 4510 ανιεπ
951 4461 972 4509 is
988 4460 1038 4509 lost
1047 4461 1074 4508 in
1090 4460 1133 4508 the
1150 4459 1249 4508 Cum.
1263 4457 1321 4506 MS.

227 4537 238 4571 ¹
255 4539 371 4589 &murm
388 4542 478 4591 inserts
495 4541 543 4602 rat,
562 4541 609 4590 but
623 4540 731 4590 without
831 4539 842 4572 ⁸
859 4541 946 4601 Dalm,
959 4542 986 4589 in
999 4541 1031 4589 its
1044 4541 1187 4589 abbreviato
1197 4539 1261 4587 form
1273 4535 1332 4596 Dm,

179 4621 316 4688 authority.
782 4623 827 4671 has
838 4623 939 4671 beoome
950 4621 1041 4670 Datin
1052 4621 1095 4669 the
1106 4621 1206 4668 cusu.
1220 4618 1278 4667 MS.
