3270 5080
499 377 698 434 sponsum
723 378 1002 434 AEGYP'I'IORUM.
1255 363 1322 428 249

162 535 335 607 secundum
360 536 435 624 quid
459 537 614 606 debitores
644 533 719 605 sunt
751 536 878 617 ethnici,
911 539 948 602 ¹a
976 534 1088 624 quibus
1116 539 1150 600 et
1176 533 1262 600 lucra
1287 539 1321 599 et
1356 544 1461 636 ffl-

164 643 316 710 utilitates
336 643 544 731 percipimus!
565 663 757 730 quaecunque
775 640 820 706 illi
840 663 912 707 oum
931 641 1036 706 labore
1055 646 1248 726 comparant,
1268 637 1319 703 bis
1332 637 1483 728 flffifflff·

164 767 222 812 uos
236 745 269 811 in
283 741 346 812 lide
360 767 433 813 cum
447 743 545 811 aimus
559 744 626 810 sine
640 744 746 810 labore
760 743 888 810 utimur.
1330 731 1483 820 ,Ἐξ

222 853 260 930 2.
284 849 358 914 'Ad
376 847 436 914 boc
449 848 579 934 populus
597 848 764 934 pessimam
777 845 959 912 servitutem
973 846 1127 913 serviebat
1141 843 1316 934 AEgyptiis,

163 951 423 1038 quemadmodum
447 951 607 1037 Scriptura
627 949 692 1016 ait:
715 947 761 1016 Er
782 971 851 1016 eum
873 949 932 1014 sei
946 959 1121 1037 potestaten
1144 946 1459 1038 nereensem-2¹²

164 1055 330 1142 ³AE9yptii
354 1057 389 1122 in
404 1057 491 1140 filios
514 1053 628 1133 Imuel,
648 1063 678 1119 et
700 1054 735 1119 io
759 1054 863 1119 odium
889 1054 931 1119 eia
955 1051 1145 1118 addereetuut
1164 1053 1260 1117 eitum
1284 1051 1319 1116 t'n

163 1157 301 1244 marthace
320 1159 418 1238 dome,
439 1159 501 1224 luto
515 1167 545 1224 et
563 1157 665 1236 hume,
682 1167 710 1222 et
729 1155 864 1222 omnibns
877 1155 1015 1246 operitur
1027 1153 1264 1243 qreoesoeiebunt
1283 1153 1319 1220 is

163 1263 287 1348 campie,
296 1259 358 1348 'per
371 1247 473 1326 munio
487 1275 580 1348 opera
595 1257 702 1348 quidue
716 1282 762 1325 eoa
775 1257 983 1346 deprimebant
996 1279 1064 1323 oum
1085 1257 1150 1322 'eis
1172 1264 1207 1322 et
1221 1255 1319 1322 aedifi·

164 1371 311 1430 caverunt
333 1364 380 1430 eis
404 1364 547 1430 civitates
569 1362 715 1442 munitas,
741 1362 876 1428 multum
898 1361 1084 1440 laborantes,
1109 1367 1143 1427 et
1167 1369 1319 1448 augentes

163 1461 272 1530 eo'rum
287 1465 478 1532 substantias
497 1465 587 1530 annis
601 1463 718 1544 multis,
738 1471 772 1529 et
789 1485 844 1551 per
858 1485 982 1530 omnem
1002 1463 1130 1529 modum
1147 1463 1317 1543 servitutis,

162 1591 236 1634 cum
247 1569 290 1634 illi
305 1592 367 1634 non
382 1569 482 1634 solum
498 1557 612 1658 ingrati
627 1572 732 1634 essent
745 1567 893 1633 advemus
907 1589 971 1648 eos,
991 1589 1098 1633 venum
1112 1573 1145 1631 et
1159 1565 1318 1633 universos

164 1694 219 1738 eos
240 1673 368 1758 perdere
387 1671 512 1738 vellent.
549 1671 633 1754 Quid
651 1671 748 1758 igitur
764 1670 880 1756 injuste
895 1679 1020 1758 gestum
1034 1677 1083 1734 est
1104 1667 1132 1733 si
1153 1690 1194 1734 ex
1211 1667 1318 1734 multis

163 1796 263 1862 pauca
281 1779 468 1855 sumserunt,
488 1783 521 1840 et
540 1774 592 1862 qui
607 1781 772 1860 potueruut
791 1773 906 1839 multas
927 1772 1118 1839 substantias
1139 1770 1274 1838 ⁴babere
1289 1771 1317 1836 si

163 1899 226 1944 non
248 1877 415 1944 servissent
436 1877 492 1958 eis,
518 1886 551 1944 et
572 1877 684 1944 divites
704 1878 800 1955 abire,
823 1877 1043 1964 paucissimam
1064 1876 1239 1944 mercedem
1260 1895 1317 1962 pro

163 2001 278 2068 magna
296 1979 444 2047 servitute
465 1980 654 2067 aeoipientee
673 1980 782 2068 inopes
799 1981 963 2046 abierunt!
1006 1975 1317 2061 Quemadmodumsi

163 2083 232 2169 quis
246 2084 333 2164 liber,
348 2084 502 2150 abductus
516 2085 557 2151 ab
571 2083 674 2170 aliquo
693 2105 748 2172 par
762 2083 835 2162 vim,
854 2091 887 2149 et
901 2083 1038 2150 serviens
1051 2083 1080 2148 ei
1094 2082 1185 2148 annis
1199 2080 1316 2160 multia,

53 2207 141 2248 cora
161 2195 196 2252 et
220 2209 339 2275 augens
362 2187 571 2253 substantiam
599 2187 677 2274 ejus,
707 2195 778 2273 post
803 2187 917 2252 deinde
945 2186 1070 2272 aliquod
1095 2184 1317 2252 adminiculum

163 2299 358 2370 consecutus,
381 2297 509 2376 putetur
528 2288 653 2376 quidem
672 2287 795 2355 modica
812 2289 956 2376 quaedam
976 2290 1044 2375 ejus
1063 2289 1187 2368 babere,
1211 2309 1318 2354 revera

162 2401 269 2460 autern
280 2415 321 2459 ex
335 2391 442 2459 multis
456 2391 614 2458 laboribus
628 2390 704 2472 suis,
719 2399 752 2456 et
767 2397 824 2456 ⁶ex
837 2391 1042 2478 acquisitione
1066 2414 1181 2480 magua
1199 2395 1319 2479 ⁰pauca

162 2497 336 2583 percipiens
350 2495 499 2575 discedat,
521 2493 627 2561 etheo
642 2495 682 2560 ab
696 2493 800 2580 aliq'uo
814 2493 984 2583 imputetur
997 2496 1036 2574 ei,
1052 2497 1140 2584 quasi
1156 2518 1219 2562 non
1233 2503 1317 2562 recte

161 2599 288 2664 fecerit?
313 2597 379 2685 ipse
406 2598 507 2686 magis
540 2595 675 2686 injustus
696 2597 794 2685 judex
815 2598 977 2685 apparebit
997 2601 1026 2664 ei
1049 2600 1102 2686 qui
1123 2600 1263 2687 pervim
1284 2601 1317 2665 in

162 2699 323 2768 servitium
342 2701 444 2766 luerat
464 2701 626 2768 deductus.
671 2700 725 2767 Sic
744 2723 820 2789 ergo
838 2709 960 2767 suntet
980 2701 1167 2789 hujusmodi,
1188 2702 1241 2790 qui
1259 2703 1316 2767 im·
1328 2715 1482 2804 gama„

163 2811 276 2890 putant
287 2803 402 2891 populo
415 2825 510 2890 parva
524 2804 563 2870 de
578 2803 684 2870 multis
698 2804 879 2891 ⁷accipienti
894 2803 973 2881 sibi;
997 2815 1031 2872 et
1050 2805 1126 2893 ipsis
1141 2827 1203 2872 non
1218 2805 1316 2893 impu·
1411 2793 1416 2802 ’
1440 2792 1445 2802 ’

162 2915 241 2986 tant,
252 2907 304 2994 qui
317 2906 431 2972 nullam
446 2907 580 2995 gratiam
591 2929 632 2974 ex
645 2906 757 2973 merito
772 2916 935 2995 parentum
946 2909 1082 2976 debitam
1098 2907 1314 2985 reddideruntz

162 3009 226 3074 imo
249 3019 283 3074 et
307 3009 341 3074 in
365 3009 581 3098 gravissimam
603 3011 784 3076 servitutem
805 3011 992 3099 redigentes,
1018 3009 1186 3077 maximam
1207 3013 1248 3076 ab
1269 3012 1317 3078 eis

162 3111 320 3179 consecuti
341 3121 416 3178 sunt
437 3111 622 3178 utilitatem:
648 3121 682 3178 et
703 3113 774 3178 illos
795 3113 920 3202 quidem
941 3135 1005 3180 non
1025 3115 1182 3203 signatum
1204 3133 1317 3178 aurum

161 3223 194 3284 st
210 3222 375 3304 argentum
394 3215 427 3280 in
444 3215 552 3301 paucis
566 3213 707 3294 vasculis,
723 3215 779 3281 ⁸de
793 3215 859 3281 suis
873 3215 1039 3297 laboribus,
1055 3215 1317 3304 quemadmodum

160 3319 370 3403 praediximus,
390 3317 589 3406 accipientes,
603 3317 719 3406 injuste
734 3318 844 3384 iecisse
859 3319 987 3396 dieunt;
1010 3319 1195 3406 semetipsos
1209 3327 1316 3384 autem

162 3421 298 3507 (dicetur
323 3420 407 3488 enim
429 3421 512 3509 quod
537 3443 644 3488 verum
668 3428 728 3502 est,
756 3421 830 3488 licet
852 3421 1016 3489 ridiculum
1038 3422 1223 3511 quibusdam
1246 3443 1315 3490 esse

159 3523 314 3604 videatur)
344 3545 385 3592 ex
413 3523 522 3592 alienis
545 3524 704 3592 laboribus
728 3523 869 3614 ⁹insigne
897 3547 1007 3592 aurum
1030 3533 1066 3592 et
1091 3533 1256 3614 argentum
1282 3534 1315 3592 et

211 3836 221 3868 ¹
238 3853 263 3897 o,
276 3837 381 3887 omitted
392 3839 418 3888 iu
428 3841 472 3890 the
484 3839 586 3891 Casu.
599 3841 657 3893 MS.
813 3841 824 3876 l
841 3843 893 3894 Aa.
906 3842 1033 3906 accipient,
1045 3840 1095 3890 and
1106 3837 1168 3890 adda
1183 3839 1313 3892 atatem

210 3916 282 3968 'Ad
293 3917 343 3980 hoc,
358 3921 390 3970 ela
406 3923 485 3981 τοῦτο,
498 3921 617 3983 laetatura,
632 3939 661 3972 or
671 3922 715 3972 rael⁴
812 3921 824 3954 ⁸
840 3923 870 3972 de
889 3922 941 3972 ruia
955 3923 1085 3984 uteribus,
1105 3923 1172 3984 παρὰ
1187 3923 1236 3970 τῶν
1252 3921 1316 3970 ἰδίω

160 3995 215 4062 tue,
241 3999 323 4050 which
340 3999 362 4050 ia
383 4001 410 4051 in
432 4001 484 4051 fact
505 4004 548 4052 tha
567 4005 669 4068 reading
688 4005 718 4054 ol
764 4005 849 4066 πόνων,
863 4005 968 4054 omitted
984 4006 1094 4067 Onnum,
1108 4003 1201 4065 Voss,
1215 4003 1312 4066 Mass,

162 4079 274 4144 Enisa,
288 4081 381 4144 Gran,
396 4082 527 4145 Fauian,
539 4085 647 4135 Anuun
664 4086 714 4134 and
764 4085 853 4136 Sarra.
888 4091 940 4136 Aa.
953 4085 1004 4136 and
1015 4087 1065 4136 Ga.
1078 4087 1158 4136 retain
1169 4085 1213 4134 the
1224 4084 1313 4146 worda,

160 4165 248 4216 Mane
262 4177 293 4215 11.
763 4168 813 4216 and
824 4169 885 4234 they
896 4170 960 4218 bave
970 4185 986 4218 a
997 4169 1099 4234 parallel
1110 4169 1136 4218 in
1148 4169 1191 4217 tbe
1205 4168 1297 4232 aequet

208 4245 268 4308 ’ab
281 4247 362 4309 twice,
374 4245 557 4310 andAEyyptii,
571 4248 714 4299 omittedin
812 4248 1041 4314 temporaneum,
1057 4248 1144 4300 coiued
1154 4249 1220 4314 gold,
1234 4249 1260 4298 in
1272 4265 1315 4314 op-

159 4330 202 4378 tbe
214 4330 258 4380 On.
294 4329 344 4379 Aa.
358 4329 553 4392 AEoyptis'flts'or.
709 4355 712 4362 ⁴
762 4332 869 4395 position
888 4339 915 4382 to
932 4349 983 4382 noa
1000 4332 1122 4395 mutum
1140 4348 1238 4394 amm,
1260 4333 1317 4382 that

208 4411 689 4464 ‘Gaurainserteruarfromtbortm
763 4413 812 4462 bad
833 4414 968 4478 preceded:
991 4429 1019 4464 eo
1033 4413 1206 4464 Tuuornmrs
1228 4413 1316 4466 distin·

207 4489 219 4522 ⁸
236 4492 335 4542 cultri.
353 4491 517 4555 multione.
762 4497 863 4559 guisbea
874 4498 966 4558 ἄσημον
976 4497 1040 4546 from
1056 4499 1180 4560 ἐπίσημον,
1194 4497 1219 4545 in
1231 4497 1317 4562 speak-

209 4571 221 4603 θ
237 4573 310 4634 ὀλίγα
320 4575 468 4638 umoqudw
479 4575 583 4638 deuon.
761 4576 806 4640 ing
817 4577 846 4624 oi
856 4577 900 4626 tha
911 4579 1024 4642 precious
1035 4577 1131 4638 metala,
1150 4589 1180 4626 Η.
1196 4590 1235 4638 13.

258 4683 332 4730 von.
350 4684 383 4728 u.
1175 4669 1216 4730 16
