3334 5070
312 361 378 426 120
640 373 986 430 uucnrluuuauuult
1011 371 1138 427 OMNIA

145 563 295 604 Llll.lll.xxx.

145 611 297 651 orantum.

159 657 285 696 ausam.
765 641 865 710 OAP.
889 641 1014 708 XXX.

179 703 222 742 xxt
232 706 261 743 lu.

148 777 296 788 *⁶*
312 795 475 872 Osteusio
498 795 673 895 quoniam
695 823 767 896 per
791 823 870 896 qum
888 796 1070 894 projectus
1086 807 1135 870 est
1151 795 1256 870 tomo
1273 792 1320 870 de
1338 793 1464 869 Pauu-

452 913 541 1003 diso,
557 941 628 1014 per
643 915 716 990 buo
734 913 868 990 iterum
883 914 1000 988 intrat
1017 912 1058 988 io
1074 910 1318 987 Paradisum.

146 1115 298 1202 Eptppmb
376 1097 427 1164 Er
456 1099 618 1186 antiquam
644 1098 882 1184 plasmationem
911 1096 943 1160 in
969 1119 1004 1161 se
1027 1095 1249 1180 recapitulatas
1278 1101 1339 1160 est.
1383 1092 1464 1175 Quia

244 1191 277 1294 '¹9‘
310 1199 569 1286 quemadmodum
592 1223 647 1286 per
670 1199 913 1264 inobedientiam
935 1198 1027 1262 unius
1050 1197 1185 1262 bominis
1206 1197 1368 1262 introitum
1392 1217 1464 1281 peo-

310 1311 416 1366 oatum
432 1301 551 1380 babuit,
572 1311 605 1366 et
620 1323 675 1387 per
689 1309 853 1386 peecatum
867 1322 950 1364 mors
965 1299 1119 1374 obtinuit3
1143 1299 1188 1362 sio
1203 1305 1236 1362 et
1251 1321 1306 1383 per
1319 1298 1464 1362 obedien-

309 1403 388 1468 tiam
411 1405 502 1468 nnius
524 1403 659 1468 hominis
677 1403 802 1488 justitia
824 1403 1001 1466 introducta
1023 1401 1119 1466 vitam
1142 1401 1307 1466 lmotifioet
1328 1400 1387 1480 bis,
1410 1400 1464 1486 qui

310 1505 384 1570 olim
407 1505 521 1570 mortui
545 1513 643 1580 erant,
668 1505 855 1572 hominibus.
902 1505 947 1570 Et
970 1504 1229 1592 quemadmodum
1254 1503 1464 1590 protoplastus

143 1627 254 1666 oculta
310 1607 361 1672 ille
385 1607 491 1672 Adam
516 1609 556 1674 de
580 1607 666 1672 ¹rudi
692 1617 785 1686 terra,
807 1617 840 1672 et
865 1609 904 1672 de
929 1609 1031 1673 adhuc
1054 1607 1183 1696 virgine,
1210 1607 1359 1694 (noudum
1382 1607 1464 1674 mim

303 1711 433 1796 pluerat
451 1712 544 1786 Deus,
566 1711 695 1774 attonso
715 1731 774 1774 uon
795 1721 864 1775 erut
882 1721 1023 1798 operatus
1041 1711 1170 1792 terram)
1190 1709 1299 1775 babuit
1319 1710 1463 1776 substan·

144 1830 193 1870 sou.
205 1831 245 1870 ta
310 1812 397 1890 tiam,
413 1821 445 1876 et
460 1811 631 1898 plasmatus
647 1821 695 1876 est
710 1833 804 1876 manu
820 1813 891 1892 Dei,
907 1813 939 1877 id
957 1821 1015 1892 est,
1038 1812 1146 1878 Verbo
1167 1813 1239 1891 Dei,
1263 1813 1366 1876 onznia
1383 1813 1463 1876 mim

145 1927 255 1972 omum.
303 1937 365 2002 per
394 1916 493 2000 ipsum
514 1917 608 2000 sueto
638 1923 716 1992 mot,
740 1922 773 1980 et
799 1915 911 1980 sumsit
940 1915 1095 1980 Dominus
1119 1915 1226 1980 limum
1252 1937 1272 1980 a
1301 1924 1394 1992 terra,
1427 1923 1461 1980 et

309 2017 473 2104 plasmavit
494 2017 669 2082 bominem:
693 2017 739 2082 ita
757 2016 966 2104 recapitulans
990 2019 1022 2082 in
1045 2039 1079 2082 ss
1106 2018 1211 2084 Adam
1229 2017 1296 2104 ipse
1319 2015 1459 2081 Verbum

308 2121 473 2201 exsistens,
489 2143 528 2186 ex
546 2121 650 2185 Maria
664 2143 734 2211 quae
749 2122 851 2187 adhuc
865 2131 933 2188 erat
950 2121 1062 2210 Virgo,
1079 2129 1162 2188 recte
1181 2121 1353 2209 accipiebat
1366 2143 1460 2210 gene·

308 2225 459 2291 rationem
477 2225 559 2294 Adae
572 2225 845 2314 recapitulationis.

144 1189 194 1246 llo..
216 1190 220 1201 Ι

145 1253 207 1292 Rom.
217 1265 237 1292 v.

753 2517 854 2582 OAP.
879 2516 1022 2581 XXXI.

307 2681 495 2758 Adversum
512 2709 570 2757 eos
586 2681 652 2780 qui
668 2681 806 2769 diuum,
827 2707 909 2756 eum
930 2680 1025 2755 sitit
1041 2680 1087 2755 cle
1104 2679 1156 2755 M
1154 2679 1243 2754 orio
1263 2679 1457 2781 occepisse.

391 2891 421 2940 1.
451 2867 517 2938 'Ei
553 2867 661 2940 τοίνυν
692 2869 711 2940 ὁ
750 2873 883 2967 πρῶτος
912 2865 1026 2951 Ἀδάμ
1057 2869 1140 2966 ἔσχε
1170 2870 1304 2968 πατέρα
1338 2867 1462 2968 ἅνθρω-

247 2983 253 2994 ’
308 3013 382 3065 πον,
412 2981 465 3052 καὶ
496 2981 529 3050 ἐκ
559 2982 754 3079 σπέρματος
777 2981 939 3072 ἐγεννήθη,
966 2979 1047 3057 εἰκὸς
1071 2980 1107 3064 ἦν
1138 2982 1192 3051 uui
1218 2981 1281 3054 τὸν
1309 2979 1461 3080 δεύτερον

306 3092 420 3177 Ἀδὰμ
447 3095 559 3184 λέγειν
588 3091 626 3186 ἐξ
650 3091 777 3191 Ἰωσῆφ
807 3096 1036 3184 γεγεννῆσθαι.
1094 3093 1143 3164 Εἰ
1161 3092 1195 3164 δὲ
1215 3079 1330 3170 ἕνεΐνος
1349 3095 1383 3164 ἐκ
1402 3102 1462 3186 γῆς

308 3207 449 3306 ἐλήφθη,
484 3203 640 3287 πλάστης
671 3203 705 3274 δὲ
734 3207 835 3278 αὑτοῦ
860 3208 879 3276 ὁ
911 3205 1003 3290 θεὸς,
1033 3204 1095 3276 ἔδει
1126 3206 1180 3276 καὶ
1209 3205 1271 3278 πόν
1295 3207 1461 3306 ἀνακεφα-

307 3320 499 3401 λαιούμενον
535 3320 597 3393 ³sis·
628 3315 738 3403 αὗτόν,
765 3317 829 3390 ὑπὸ
860 3324 923 3390 τοῦ
951 3319 1039 3389 θεοῦ
1072 3321 1310 3404 πεπλασμένον
1337 3318 1461 3420 ἅνθρω-
1550 3323 1555 3332 ’

372 3559 403 3622 1.
441 3555 477 3620 Su
506 3555 602 3644 igitur
622 3553 739 3640 primus
764 3555 868 3619 Adam
893 3555 1003 3621 habuit
1027 3563 1147 3642 patrem
1173 3556 1341 3634 hominem,
1365 3565 1398 3622 et
1419 3579 1459 3622 ax

305 3659 423 3724 semine
446 3659 502 3723 viri
522 3665 615 3723 uatus
640 3665 708 3733 est3
733 3657 844 3722 merito
870 3658 1018 3736 dioerent,
1042 3667 1075 3724 et
1098 3659 1268 3725 seeundum
1292 3660 1398 3726 Adam
1419 3682 1460 3725 ex

306 3761 427 3848 «loseph
449 3785 518 3828 esse
540 3767 733 3849 generatum.
778 3761 811 3826 si
832 3769 937 3826 autem
960 3761 1010 3826 ille
1033 3761 1072 3826 de
1093 3769 1177 3827 terra
1191 3762 1316 3850 quidem
1338 3771 1461 3828 sumtus

306 3872 364 3943 est,
380 3874 413 3930 et
429 3865 535 3931 Verbo
551 3863 612 3928 Dei
627 3863 800 3949 plasmatus
818 3873 876 3942 est,
893 3865 1057 3950 oportebat
1078 3865 1111 3929 id
1130 3865 1233 3952 ipsum
1249 3865 1392 3931 Verbum
1413 3888 1461 3932 re·

306 3967 557 4054 capitulationem
574 3967 654 4032 Adae
669 3965 702 4030 in
721 3965 924 4051 semetipsum
940 3965 1067 4046 iaciens,
1090 3966 1230 4052 ejusdem
1251 3969 1461 4056 generationis

356 4166 429 4218 ¹Sss
441 4184 465 4234 p.
483 4185 535 4231 ror,
550 4185 574 4220 n.
588 4181 611 4232 5.
907 4187 923 4221 a
945 4171 1041 4221 (ἔννεον,
1062 4188 1094 4222 on
1118 4173 1144 4222 S.
1164 4171 1245 4224 Luks.
1271 4173 1336 4223 But.
1361 4171 1457 4235 noym,

355 4247 537 4311 *Eaprtmum
552 4260 573 4300 st
589 4269 606 4301 a
624 4251 739 4301 Macaria
758 4251 857 4315 Oluyao·
908 4265 980 4315 2440.

305 4329 405 4392 captato
424 4331 491 4380 Orat.
510 4345 540 4380 11.
563 4335 594 4383 εἰς
614 4335 698 4396 ἑορτὴν
715 4337 759 4384 τοῦ
778 4337 856 4397 Εὐαγ-
956 4335 1187 4400 ⁸⁶12...o0poaeov,
1196 4335 1351 4387 moutam
1359 4337 1460 4388 amioum

306 4415 430 4474 pelleret,
455 4413 509 4462 MS.
534 4413 593 4463 Ood.
615 4427 671 4465 νιν.
693 4415 854 4478 Baroccioao,
906 4417 1339 4482 momentumiaumtmposo.
1354 4421 1458 4472 oanan.

305 4494 374 4555 eujus
389 4492 474 4542 varias
490 4493 598 4543 buinna
608 4493 648 4543 tie
660 4496 722 4544 sisto.
753 4497 855 4548 (lma.
906 4498 959 4548 'I'hs
976 4499 1072 4548 (latona
1087 4497 1193 4548 collatod
1210 4499 1244 4563 by
1261 4500 1391 4553 Moesum
1407 4505 1460 4554 also

306 4573 437 4622 Massua'r
453 4574 531 4623 found
548 4575 591 4622 the
607 4589 674 4623 same
690 4575 815 4638 fragment
829 4579 855 4626 in
906 4580 951 4628 bas
963 4581 1209 4641 ἀνακεφαλαιούμενον
1222 4584 1316 4636 ἐκεῖνον.
