3334 5070
647 457 863 511 PRAEFATIO.
1272 444 1337 509 145

186 608 410 698 Blaspbemant
423 616 572 676 autemst
584 611 617 676 in
632 611 802 676 Dominum
816 618 969 692 nostrum,
983 611 1201 678 abscindentes
1215 617 1248 678 et
1262 611 1338 676 divi·
1374 631 1427 671 nra.
1436 631 1475 672 ιν.

142 723 147 734 ’
185 712 295 778 dentes
310 712 334 777 J
336 733 423 779 esum
449 735 469 778 a
484 713 619 790 Obristo,
635 723 668 780 et
683 714 842 780 Christum
864 737 884 780 a
905 714 1075 794 Salvatore,
1090 723 1123 781 et
1146 709 1492 781 savatorem-“-

184 838 307 882 rursum
329 839 350 882 a
373 817 490 897 Verbo,
511 826 544 882 et
565 819 706 884 Verbum
725 820 766 884 ab
791 818 974 906 Unigenito.
1019 819 1065 884 Et
1079 819 1339 904 quemadmodum

184 919 402 986 fabricatorem
434 943 475 986 ex
504 921 574 986 labe
603 922 668 987 sive
698 922 871 988 delectione
897 923 1044 988 emissum
1079 923 1196 1000 dieunt,
1229 923 1275 987 sic
1292 927 1339 1002 fet

187 1023 346 1090 Christum
362 1033 395 1090 et
411 1025 562 1110 Spiritum
576 1035 719 1090 sanctum
735 1035 861 1112 propter
875 1026 976 1090 labem
991 1025 1139 1091 emissum
1155 1026 1336 1103 docuerunt,

186 1134 218 1190 et
234 1126 426 1192 Salvatorem
447 1129 488 1193 ab
510 1129 559 1193 his
575 1127 735 1193 AEonibus
756 1128 808 1214 qui
830 1132 870 1192 ¹a
889 1128 958 1193 labe
979 1129 1084 1194 emissi
1103 1139 1187 1208 suut,
1209 1129 1338 1193 fructifi-

82 1253 110 1294 o.
120 1255 164 1299 arr.
186 1231 340 1296 sationem
355 1254 444 1307 esse;
470 1239 505 1296 ut
521 1231 564 1296 nil
578 1232 621 1296 sit
634 1231 717 1317 apud
731 1253 786 1296 eos
800 1231 867 1296 sine
881 1231 1082 1317 blasphemia.
1130 1232 1169 1296 In
1184 1254 1221 1297 eo
1241 1231 1338 1318 igitur

186 1333 237 1420 qui
252 1341 326 1398 ante
341 1333 423 1398 hune
438 1341 487 1398 est
500 1334 578 1398 libro
592 1341 718 1399 ostensa
732 1342 781 1398 est
796 1334 835 1399 de
852 1334 901 1398 his
919 1335 1062 1400 omnibus
1077 1335 1234 1400 sententia
1247 1335 1335 1420 Apo·

185 1435 346 1515 stolorum,
370 1437 516 1522 quoniam
542 1459 605 1502 non
631 1437 731 1502 solum
749 1437 825 1501 nihil
845 1437 907 1502 tale
926 1444 1089 1502 senserunt
1104 1439 1159 1524 qui
1181 1437 1220 1502 od
1246 1438 1336 1503 initio
1348 1455 1398 1497 aue.
1411 1457 1427 1496 ι.
1436 1459 1454 1496 e.

185 1539 402 1625 'memhrtoros
417 1551 445 1604 ct
459 1541 593 1605 ministri
605 1541 742 1624 fuerumt
755 1539 840 1605 cordi
854 1539 1011 1616 veritatis3
1034 1540 1089 1606 sed
1104 1549 1136 1606 et
1151 1540 1337 1628 praedicave·

83 1661 115 1700 u.
125 1661 169 1702 saa
186 1651 259 1708 runt
273 1644 364 1708 nobis
377 1644 484 1731 lugere
495 1643 671 1728 hujusmodi
685 1643 866 1723 sententias,
884 1643 1001 1729 Spiritu
1012 1643 1207 1730 providentes
1218 1665 1271 1708 eos
1283 1643 1336 1731 qui

185 1745 341 1812 seductori
357 1756 446 1812 erant
461 1747 673 1834 simpliciores.

250 1852 283 1915 3.
316 1849 585 1930 Quemadmodum
599 1849 682 1914 onim
696 1871 823 1936 serpens
839 1849 940 1916 Evam
959 1849 1093 1928 seduxit,
1109 1849 1293 1936 promittens
1306 1851 1336 1914 ei
1348 1865 1466 1906 fleant&

185 1951 269 2036 quod
286 1973 349 2016 non
369 1952 505 2018 habebat
523 1951 609 2038 ipse3
629 1951 677 2042 sie¹
695 1959 728 2016 et
742 1951 794 2015 ⁸hi
808 1952 1037 2038 praetendentes
1058 1952 1207 2038 majorem
1223 1952 1336 2039 agniti-

186 2077 277 2119 onem
292 2063 325 2118 et
342 2055 490 2140 mysteria
505 2054 730 2132 inenarrabilia,
749 2063 782 2118 et
797 2054 1014 2140 promittentes
1028 2075 1096 2118 eam
1113 2076 1206 2142 quam
1227 2055 1336 2122 dicunt

185 2157 268 2222 intra
284 2158 430 2223 Pleroma
446 2179 515 2222 esse
535 2157 753 2243 receptionem,
777 2157 809 2220 iu
832 2166 963 2221 mortem
985 2157 1168 2244 demergunt
1190 2157 1249 2222 sibi
1269 2181 1336 2224 cre·

185 2261 304 2338 dentes,
319 2267 481 2346 apostatas
495 2281 549 2324 eos
561 2259 786 2324 constituentes
806 2261 846 2322 ah
867 2281 905 2324 eo
927 2259 979 2346 qui
997 2281 1052 2323 eos
1073 2259 1156 2324 lecit.
1202 2259 1246 2323 Et
1261 2269 1336 2326 tunc

185 2364 310 2450 quidem
329 2371 474 2449 apostata
494 2363 624 2448 angelus
643 2385 698 2448 per
720 2371 895 2448 serpentem
915 2361 1156 2426 inobedientiam
1175 2363 1336 2427 hominnm
1349 2381 1490 2466 ppopxua

183 2477 339 2554 operatus,
355 2467 546 2532 existimavit
568 2467 665 2530 latere
686 2487 721 2529 se
739 2465 923 2529 Dominum:
945 2473 1131 2550 quapropter
1153 2466 1284 2529 eandem
1306 2465 1335 2530 ei
1379 2455 1384 2466 '

183 2569 315 2637 somnam
337 2577 370 2635 et
393 2569 630 2656 appellationem
654 2569 763 2632 tribuit
783 2567 881 2632 Deus.
928 2567 1019 2632 Nunc
1045 2576 1160 2644 autem,
1189 2567 1336 2654 quoniam

183 2673 353 2738 novissima
366 2681 440 2736 sunt
454 2681 605 2758 tempora,
621 2670 800 2734 extenditur
813 2670 929 2734 malum
944 2670 977 2733 in
991 2669 1142 2746 homines,
1158 2691 1219 2734 non
1235 2669 1335 2735 solum

183 2783 344 2861 apostatas
358 2796 413 2839 eos
427 2774 554 2848 faciens,
570 2773 626 2837 sed
646 2781 679 2836 et
697 2771 894 2858 blasphemos
913 2771 946 2836 in
964 2771 1181 2857 plasmatorem
1199 2771 1335 2837 instituit

183 2878 291 2942 multis
305 2875 597 2952 machinationibus,
614 2875 645 2939 id
666 2883 725 2953 est,
744 2897 799 2961 per
819 2895 927 2939 omnes
945 2875 1109 2939 haeretioos
1128 2876 1180 2962 qui
1196 2875 1335 2961 praedioti

183 2988 267 3046 sunt.
313 2979 358 3043 Hi
374 2979 457 3044 euim
472 3001 589 3055 omnes,
602 2979 742 3065 quamvis
756 3001 796 3044 ex
811 2979 1021 3044 differentibus
1035 2978 1111 3044 locis
1126 2980 1334 3066 egrediantur,

184 3089 216 3146 et
231 3079 403 3145 differentia
417 3081 559 3158 doceant,
576 3081 607 3143 in
622 3081 704 3144 idem
719 3089 825 3145 tamen
840 3081 1040 3166 blasphemiae
1058 3091 1245 3146 concurrunt
1265 3105 1336 3168 pro·

183 3185 329 3270 positum,
356 3182 490 3248 letaliter
515 3184 722 3261 vulnerantes,
753 3185 893 3249 docendo
919 3185 1144 3269 blasphemiam
1172 3187 1204 3250 in
1231 3186 1336 3250 Deum

183 3290 332 3352 factorem
352 3295 384 3351 et
407 3287 590 3351 nutritorem
611 3295 762 3364 nostrum,
787 3295 820 3351 et
840 3287 1017 3374 derogando
1037 3287 1169 3352 salutem
1192 3289 1334 3355 hominis.

130 3421 132 3426 ·
185 3390 292 3455 Homo
307 3400 475 3454 astantem
490 3391 674 3474 temperatio
689 3389 801 3454 animae
817 3400 849 3454 et
864 3392 976 3470 carnis,
992 3391 1044 3478 qui
1064 3393 1235 3458 secundum
1250 3394 1335 3459 simi-

183 3493 343 3556 litudinem
359 3492 419 3557 Dei
435 3492 585 3556 formatus
600 3500 657 3569 est,
673 3501 706 3556 et
720 3513 776 3578 per
791 3514 901 3557 manus
920 3494 988 3578 ejus
1009 3494 1180 3579 plasmatus
1197 3505 1257 3573 est,
1275 3497 1335 3563 boo

183 3605 242 3674 est,
263 3619 318 3682 per
334 3595 449 3660 Filium
464 3604 497 3660 et
513 3594 663 3682 Spiritum
677 3601 849 3673 ⁴sanctum,
865 3596 977 3681 quibus
992 3606 1024 3660 et
1044 3597 1140 3663 dixit:
1165 3600 1335 3665 Faciamus
1348 3615 1462 3658 oen-tro

183 3700 341 3766 homiuem.
385 3699 458 3764 Hoc
472 3720 546 3786 ergo
560 3698 754 3784 propositum
769 3707 818 3762 est
833 3699 901 3784 ejus
921 3699 974 3786 qui
988 3698 1061 3764 vitae
1078 3708 1192 3766 nostrae
1207 3701 1333 3783 invidet,

231 3936 242 3970 ¹
258 3937 311 3986 The
323 3937 402 3986 entus
417 3936 538 3996 Pleroma,
554 3935 579 3986 in
595 3951 611 3984 a
621 3934 735 3984 modifiod
784 3934 846 3984 milo
857 3935 954 3984 nullum
965 3934 1068 3984 dubiam
1078 3943 1117 3996 ert,
1130 3936 1190 3999 quin
1201 3937 1231 3986 ab
1242 3937 1335 3987 Irerroeo

183 4019 279 4084 degree,
299 4017 429 4067 emanated
445 4017 474 4064 iu
487 4015 559 4066 Labe.
596 4015 736 4066 'lberddos
785 4017 845 4068 dicti
866 4019 915 4068 sint
937 4021 959 4067 ot
987 4017 1030 4066 ἀπ’
1051 4019 1127 4080 ἀρχῆς
1150 4020 1270 4069 αὐτόπται
1294 4023 1335 4070 καὶ

183 4104 212 4152 ol
226 4103 318 4166 Sophia
329 4115 379 4149 was
395 4098 540 4162 aboriginal,
551 4097 599 4146 and
611 4098 735 4161 pervaded
785 4103 902 4164 ὑπηρέται
917 4102 1039 4164 γενόμενοι
1050 4103 1185 4163 τοῦλόγου,
1203 4117 1231 4150 ao
1242 4101 1301 4153 Irae.
1316 4105 1333 4154 i.

183 4185 226 4233 the
243 4184 322 4232 entire
335 4181 402 4245 body
415 4181 444 4229 ol
459 4179 546 4228 AEons.
583 4178 628 4226 Sec
641 4179 700 4228 Vol,
714 4191 733 4228 1.
785 4199 807 4245 α,
823 4201 891 4248 qoem
908 4185 986 4232 hamum
1003 4181 1095 4232 idcirco
1113 4183 1240 4232 subnotare
1256 4184 1336 4234 visum

186 4281 222 4327 14,
239 4263 276 4326 16,
290 4281 315 4314 n.
330 4277 352 4326 5,
367 4277 422 4328 309,
435 4278 461 4312 n.
479 4279 502 4322 4,
517 4275 572 4322 321,
592 4259 641 4308 and
654 4260 732 4308 Tuam

182 4363 202 4397 c.
221 4345 274 4397 Vol.
306 4383 312 4396 .

230 4361 425 4494 'spiculatores
437 4433 462 4477 st
473 4425 589 4476 ministri.
616 4423 733 4473 'Eram
781 4413 926 4469 wm-
968 4487 974 4499 .
1169 4486 1175 4497 .

183 4529 241 4562 w,
252 4515 293 4562 καὶ
303 4515 423 4562 διακόνους
435 4511 513 4561 (pm
524 4509 644 4558 Imm,
659 4506 734 4569 ,ΜῬ,
832 4486 843 4519 ⁸
859 4487 891 4536 In
904 4487 1007 4536 allusion
1019 4491 1046 4535 to
1057 4485 1099 4535 tha
1111 4485 1210 4550 Ophrte,
1224 4497 1243 4535 1.
1259 4499 1316 4546 ²4¹·

182 4593 239 4644 risse
258 4593 439 4657 conjeceram
456 4591 566 4655 morpinc
586 4589 627 4639 aui
644 4587 734 4638 Ircaoei
832 4581 1331 4634 ⁴Sorrotumisinoertedfromthecn.MS.

183 4675 334 4726 mesduc
355 4676 490 4726 odnwdcm
510 4675 656 4724 Peorrouus.
686 4670 734 4720 Sed
783 4668 841 4717 Obs.
855 4668 929 4730 again
940 4667 984 4715 the
995 4673 1065 4729 grem
1076 4671 1145 4716 tenet
1155 4666 1184 4714 ot'
1192 4680 1238 4714 our
1248 4663 1320 4711 saith.

777 4307 841 4372 ste.
861 4309 962 4358 aaran.
994 4307 1026 4356 so
1041 4307 1084 4356 ne
1096 4307 1180 4371 syrae
1192 4307 1236 4356 na
1248 4285 1334 4382 ζμ
