3260 5082
545 389 737 442 nnvmxm
763 391 1029 445 svaudunum.
1294 379 1361 445 385

108 563 134 604 o.
144 565 186 605 ror.
207 540 294 604 Deus
312 539 367 626 qni
376 541 527 624 justificat
544 543 799 606 circumcisionem
815 543 934 625 cnfido,
949 551 978 607 ct
984 528 1177 629 propicium
1185 565 1246 631 per
1252 545 1360 628 fidem.
1401 568 1454 608 ure.
1467 567 1496 609 v.

1413 615 1465 654 xxti.
1477 617 1493 654 1.

204 641 244 706 si
255 641 338 706 enim
349 641 429 706 alius
443 642 513 728 quis
523 652 591 707 erat
604 665 699 728 super
712 643 796 709 huno
810 645 967 730 perfectus
981 653 1079 730 pater,
1095 666 1290 732 nequaquam
1305 669 1361 732 per
1380 661 1462 746 ‘iffi
1471 660 1524 746 xpt-

208 744 302 832 hujus
315 767 473 811 sermones
487 753 519 810 et
537 754 693 832 praeoepta
706 747 910 812 destruxisset
930 748 1090 813 Satansm.
1129 747 1198 814 Nee
1212 750 1294 814 enim
1315 750 1360 836 ig·
1374 753 1524 836 ffl—

209 847 352 912 norsntis
366 870 421 934 per
433 848 563 912 alteram
579 857 682 934 potest
697 849 837 914 ¹dissolvi
851 851 1077 936 ignorantiam
1101 852 1360 938 quemadmodum
1374 861 1436 902 ΒΜ·
1446 861 1513 902 Μ

209 969 309 1056 neque
328 970 384 1034 per
405 949 505 1014 labem
528 949 614 1014 labes
634 951 785 1016 evacuari.
822 950 856 1014 Si
880 951 977 1037 igitur
997 952 1048 1015 lex
1071 975 1111 1017 ex
1132 952 1307 1039 ignorantia
1328 961 1362 1018 et

208 1048 279 1115 labe
293 1060 352 1129 est,
370 1052 524 1137 quomodo
538 1053 704 1116 sententiae
724 1073 793 1138 quae
813 1052 847 1116 in
864 1075 903 1118 ea
921 1061 1006 1132 sunt,
1027 1055 1198 1120 ²disboliea
1217 1055 1360 1142 ignoran-

208 1151 255 1216 tia
275 1153 392 1218 solvere
414 1161 568 1239 poterant,
592 1162 626 1218 et
644 1155 757 1220 fortem
779 1155 902 1220 vincere
911 1157 930 1220 i·
961 1156 1071 1242 Neque
1092 1157 1177 1222 enim
1198 1179 1219 1222 s
1238 1157 1360 1237 minori,

208 1241 309 1340 neque
330 1257 371 1320 ab
392 1257 503 1342 aequali
524 1257 615 1322 tortis
636 1257 717 1322 vinei
739 1266 863 1342 potest;
887 1259 942 1324 sed
959 1261 1000 1324 ab
1020 1282 1058 1326 eo
1080 1261 1133 1347 qui
1154 1261 1224 1348 plus
1245 1269 1360 1346 potest.

210 1357 288 1422 Pius
307 1367 413 1423 sutem
432 1367 536 1445 potest
550 1381 643 1445 super
657 1360 762 1424 omnia
778 1360 919 1426 Verbum
940 1362 1011 1441 Dei,
1028 1363 1081 1448 qui
1098 1363 1132 1427 in
1150 1363 1219 1450 lege
1233 1363 1359 1449 qudem

209 1460 408 1525 vociferatur:
429 1463 521 1526 Aodi
537 1462 648 1540 Israel,
670 1463 819 1527 Dominus
836 1464 922 1528 Dour
939 1474 1017 1543 torre,
1033 1465 1119 1530 Dcm
1135 1485 1215 1530 onus
1231 1473 1290 1539 θείς
1315 1472 1358 1544 st,
1373 1493 1433 1579 psus
1443 1495 1527 1541 nis,

209 1562 329 1648 Dilipos
339 1565 505 1629 Dominum
516 1565 617 1630 Deum
632 1575 717 1630 tunm
729 1588 765 1630 cc
779 1575 840 1630 tota
851 1567 958 1630 animo
973 1577 1043 1641 turm
1060 1575 1103 1645 et,
1114 1567 1193 1631 iuno
1203 1566 1358 1645 adoratis,
1396 1571 1400 1580 '

210 1673 239 1727 ct
252 1665 322 1728 duic
332 1667 405 1731 ⁸eoii
414 1669 534 1732 sorcius.
565 1667 604 1730 In
617 1667 787 1754 Evangelio
801 1677 908 1732 autem
918 1690 974 1753 per
984 1668 1040 1732 has
1052 1669 1177 1733 easdem
1188 1669 1360 1734 sententias

209 1765 371 1833 destruens
385 1770 584 1855 apostasiam,
599 1778 632 1834 et
648 1771 754 1835 Patris
768 1792 845 1835 voee
859 1771 972 1836 devicit
987 1772 1108 1848 fortem,
1124 1780 1157 1837 et
1171 1772 1251 1858 legis
1264 1777 1361 1856 ⁴prae-

209 1878 333 1954 ceptum
347 1893 421 1936 suas
435 1873 608 1936 sententias
621 1873 798 1952 confitetur,
813 1873 937 1938 dicens:
962 1873 1036 1937 Non
1051 1873 1178 1938 tentabis
1192 1874 1360 1938 Dominmn
1374 1903 1433 1942 uso.
1442 1903 1470 1940 o.
1479 1903 1499 1958 ⁷2

208 1971 310 2038 Deum
324 1983 419 2040 tunm.
465 1975 533 2040 Nee
548 1975 632 2039 enim
646 1998 702 2060 per
715 1977 860 2052 alienam,
876 1976 932 2041 sed
951 1997 1006 2060 per
1020 1976 1176 2062 propriam
1193 1975 1298 2040 Patris
1312 1976 1360 2041 sui
1374 1949 1469 2036 iim
1480 1959 1507 1988 '¹‘

208 2077 396 2140 sententiam
408 2077 561 2142 destruxit
574 2079 794 2156 adversarium,
810 2086 843 2142 et
857 2078 970 2142 fortem
986 2078 1071 2143 vicit.

274 2181 305 2242 2.
339 2177 407 2242 Nos
420 2187 526 2242 autem
538 2178 657 2243 solutos
671 2201 726 2262 per
740 2179 841 2263 ipsum
856 2188 1046 2264 praeceptum
1061 2179 1176 2256 docuit,
1192 2178 1363 2244 esurientes

111 2298 193 2339 nme
210 2279 335 2364 quidem
352 2279 507 2343 sustinere
528 2301 598 2344 eam
618 2302 687 2366 quoe
708 2301 728 2343 a
750 2283 821 2344 Deo
843 2281 944 2357 datur,
967 2301 1091 2354 eseam;
1116 2281 1149 2343 in
1170 2280 1363 2348 subtimitate

208 2389 316 2444 autem
329 2381 449 2466 positos
463 2379 596 2444 universi
610 2380 834 2458 ⁵oharismutis‚
850 2380 898 2445 vel
916 2381 948 2444 in
963 2381 1106 2466 operibus
1121 2381 1254 2466 justitiae
1268 2383 1363 2446 eonfi-

210 2482 330 2560 dentes,
355 2481 404 2546 vel
424 2465 662 2546 ministrationis
688 2481 948 2568 supereminentis
969 2483 1146 2562 adornatos,
1168 2504 1364 2570 nequaquam

206 2583 328 2662 extolli,
350 2605 451 2668 neque
468 2581 590 2648 tentare
609 2584 723 2661 Deum,
746 2584 803 2648 sed
822 2583 952 2648 humilia
972 2584 1086 2649 sentire
1106 2585 1140 2648 in
1159 2585 1313 2663 omnibus,
1331 2591 1364 2650 et

210 2708 275 2770 prce
293 2707 387 2750 manu
401 2687 525 2763 habere,
543 2686 617 2750 Non
630 2683 764 2749 'tornatio
783 2685 951 2749 Dominum
968 2685 1069 2750 Dcnm
1088 2697 1193 2761 tnnm;
1217 2687 1364 2772 quemad·
1378 2723 1521 2764 nomm

210 2789 337 2852 modum
352 2796 384 2852 et
399 2788 571 2874 Apostolus
585 2787 700 2867 docuit,
716 2793 785 2852 Non
799 2787 875 2866 olto,
891 2787 1007 2864 dicens,
1021 2789 1187 2866 sentientes,
1200 2789 1255 2856 scd
1265 2789 1364 2853 inmi-

210 2889 287 2956 non
295 2891 519 2956 mmmticrdcs:
531 2912 589 2956 nee
600 2890 724 2969 divitiis,
735 2912 792 2956 neo
802 2889 1095 2977 gloriassmundonm
1107 2913 1206 2978 neque
1218 2893 1363 2976 praesenti

210 2994 375 3079 phantasia
394 2993 483 3080 oapi:
510 2993 590 3059 seire
615 3003 732 3073 autem,
759 2993 907 3080 quoniam
930 2993 1120 3058 ⁷Dominum
1143 2994 1246 3060 Deum
1273 3003 1363 3060 tuum

209 3096 339 3161 adorare
360 3103 491 3182 oportet,
514 3104 547 3161 et
568 3095 627 3181 ipsi
649 3095 707 3161 soli
724 3095 848 3174 servire,
870 3103 903 3160 et
923 3117 985 3160 non
1005 3096 1187 3174 crederem,
1211 3097 1264 3182 qui
1285 3097 1363 3161 salso

211 3198 352 3283 promisit
370 3219 408 3263 ea
430 3219 500 3284 quae
519 3220 582 3264 nou
600 3205 673 3263 sunt
694 3220 762 3276 sua,
782 3198 904 3263 dicens:
930 3198 1008 3262 Hom
1029 3199 1131 3263 onmia
1149 3197 1207 3263 citi·
1227 3197 1313 3276 dodo,
1336 3201 1364 3262 si

205 3303 369 3388 procidcns
386 3303 565 3369 adoraveris
583 3325 640 3369 mc.
679 3303 752 3389 Ipse
770 3303 854 3368 enim
875 3303 1049 3382 confitetur,
1068 3303 1213 3389 quoniam
1233 3303 1363 3367 adorare

211 3427 282 3470 eum
296 3413 329 3470 ot
343 3406 532 3472 voluntatem
552 3409 621 3493 ejus
639 3407 754 3485 iacere,
769 3405 879 3472 cadere
898 3413 947 3471 est
964 3428 984 3470 s
1001 3406 1100 3493 gloria
1119 3406 1191 3472 Dei.
1230 3405 1274 3469 Et
1289 3404 1363 3490 quid

210 3517 266 3571 sut
287 3529 381 3572 suove
402 3517 457 3573 aut
478 3511 593 3575 bonum
615 3510 799 3596 participare
822 3517 927 3595 potest
949 3509 1001 3596 qui
1022 3509 1155 3575 occidite
1196 3509 1264 3572 Aut
1288 3509 1363 3594 quid

211 3609 294 3672 aliud
308 3631 431 3694 sperare
445 3611 493 3675 vel
512 3617 709 3697 exspectare⁸
725 3612 777 3696 qui
792 3611 865 3676 talis
879 3618 937 3689 est,
959 3611 1018 3674 nisi
1033 3613 1181 3676 mortem?
1223 3609 1264 3673 Ei
1279 3609 1363 3673 enim
1452 3631 1454 3636 ·

212 3709 265 3796 qui
284 3709 406 3788 cecidit,
428 3712 568 3796 proxima
586 3733 671 3778 mors
690 3720 749 3779 est.
786 3712 909 3776 Deinde
931 3733 989 3776 nee
1008 3711 1060 3776 ills
1079 3712 1185 3798 itaque
1203 3733 1273 3798 quae
1292 3732 1362 3795 pro·

211 3811 298 3875 misit
312 3813 482 3896 praestsbit.
512 3814 674 3896 Quomodo
689 3814 772 3879 enim
786 3814 949 3900 praestabit
962 3813 1001 3891 ei,
1014 3813 1067 3900 qui
1081 3813 1215 3880 cecidit?
1240 3811 1363 3878 Deinde

212 3913 359 3998 quonism
378 3913 556 3979 dominatur
574 3915 762 3995 hominibus,
782 3923 815 3981 et
835 3915 863 3981 si
880 3915 939 4002 ipsi
959 3916 1057 3995 Deus,
1072 3924 1106 3982 st
1119 3915 1244 3981 nolente
1265 3915 1362 3980 Patre
1375 3947 1502 3990 mm,

262 4083 272 4115 ¹
288 4082 396 4132 «incolui.
431 4083 531 4134 Cunna.
543 4083 610 4134 solvi.
861 4086 872 4120 ⁶
888 4089 1023 4149 mundone,
1041 4089 1095 4149 On,
1115 4089 1175 4149 An,
1189 4088 1265 4147 Van,
1279 4088 1359 4138 Voss.

259 4163 272 4196 ⁸
288 4164 639 4225 MSS.,butGu.diodolc'ccm
646 4165 761 4229 moron·
811 4169 842 4218 αἱ
855 4169 952 4219 mundi.

212 4246 280 4295 riom.
860 4250 1178 4303 ⁷Dcmimmt...odorors.
1229 4253 1281 4302 An.
1305 4268 1361 4318 sup

261 4327 334 4377 ³roli
342 4327 446 4378 omitted
457 4328 510 4378 Au.
811 4347 905 4398 presses
918 4333 1033 4394 thofirst,
1048 4333 1201 4384 andiorthe
1215 4333 1361 4383 socondhas

260 4409 363 4473 *Vm
378 4411 429 4461 Gn.
444 4416 573 4475 proemio.
600 4409 680 4462 Voti.
696 4427 760 4475 μω-
810 4411 921 4474 αάονωή,
935 4414 1053 4478 omitting
1063 4413 1347 4478 slsothectiollowing.

209 4499 282 4555 cepto.
858 4493 871 4528 ⁸
882 4497 1131 4559 pcecncsncellst
1142 4501 1187 4546 not
1197 4497 1273 4560 being
1282 4495 1360 4544 found

260 4574 448 4628 ‘cicc-imos.
477 4577 530 4628 An.
548 4574 693 4630 cirr'srnotir.
809 4577 890 4627 tnthc
902 4578 1011 4640 cunam,
1023 4579 1182 4640 As.,Voss.,
1194 4575 1357 4626 armenon.
