3260 5082
494 405 631 458 annau
654 405 836 459 Mosnuus
861 405 928 460 ssr
953 405 1075 460 anau.
1290 389 1357 462 387

205 555 284 633 rito,
309 575 347 620 oo
368 554 564 629 omoiomiot·
595 577 667 620 cum
691 554 850 620 didicisset
871 575 892 620 a
917 555 1044 621 muliere
1067 563 1258 640 praeceptum
1284 556 1355 636 Dei,
1397 583 1489 625 nav.

202 657 321 722 astutia
343 678 419 721 usus
443 657 567 742 decepit
592 679 662 722 eam
687 657 789 722 denuo
814 679 870 744 per
890 656 1107 744 falsiloquium,
1134 657 1258 724 dicens:
1281 629 1518 764 N⁰²⁸⁰dili¹l¹¹²

202 770 295 825 morto
307 761 489 826 morionioi.
524 759 646 825 Sciebat
663 760 745 824 enim
763 759 859 838 Deos,
877 761 1022 846 quoniam
1041 781 1103 846 quo
1117 759 1170 824 die
1188 759 1355 825 manduco·
1368 769 1515 854 gli—¹-

201 864 308 928 ocn'tis
319 885 356 928 en
370 885 411 941 oo,
423 864 603 948 operientur
613 863 692 928 oculi
704 863 1032 940 modestissimi
1046 864 1103 940 clii,
1115 864 1238 928 seientes
1249 861 1355 930 bonam
1366 894 1418 934 oen.
1428 893 1481 934 rna

202 975 230 1031 ot
249 968 376 1033 osclum.
422 967 530 1030 Primo
550 967 674 1051 quidem
692 966 725 1032 in
746 967 808 1032 Dei
829 968 972 1053 paradiso
993 967 1190 1052 ¹disputabat
1210 967 1249 1032 de
1274 967 1354 1048 Deo,

201 1070 289 1155 quasi
303 1072 432 1134 absente
443 1091 496 1134 eo:
513 1070 759 1156 magnitudinem
770 1070 854 1135 enim
869 1071 1032 1156 ignorabat
1044 1071 1115 1136 Dei.
1148 1071 1228 1136 Post
1243 1071 1354 1138 deinde

199 1175 240 1238 ab
266 1173 334 1259 ipsa
362 1173 487 1239 discens
509 1173 625 1238 dixisse
648 1173 829 1252 Dominum,
859 1174 1025 1238 morituros
1046 1195 1100 1238 eos
1122 1173 1150 1237 si
1173 1181 1353 1260 gustassent

199 1274 239 1338 de
253 1274 403 1360 praedicto
422 1274 517 1361 ligno,
538 1274 682 1340 1tertium
701 1275 898 1340 mendacium
909 1276 1039 1362 loquens
1053 1275 1146 1340 dixit:
1171 1277 1245 1340 Noa
1259 1284 1352 1340 morte

198 1379 381 1444 mor-ierrziot'.
420 1378 482 1443 Sed
497 1377 644 1464 quoniam
659 1377 748 1444 Dens
761 1400 856 1444 verax
870 1387 928 1458 est,
944 1380 1079 1444 mendax
1093 1387 1199 1444 autern
1213 1400 1351 1465 serpens,

199 1480 239 1544 de
258 1481 370 1545 effectu
387 1489 546 1546 ostensum
561 1489 621 1559 est,
638 1489 739 1547 morte
757 1483 925 1548 subsecuta
938 1483 1060 1568 eosqui
1079 1481 1349 1548 manducaverant.

200 1581 301 1646 Simul
311 1583 394 1648 enim
405 1605 476 1648 cum
487 1604 559 1648 esca
573 1591 606 1648 ει
617 1592 748 1648 mortem
762 1584 968 1662 adsciverunt,
981 1585 1127 1670 quoniam
1139 1584 1352 1650 inobedientes

198 1684 445 1750 manducabant:
469 1685 679 1751 inobedientia
701 1693 807 1750 autem
831 1686 892 1750 Dei
918 1695 1049 1751 mortem
1072 1686 1174 1752 iniert.
1218 1686 1352 1773 Propter

197 1785 257 1850 hoc
271 1809 311 1852 ex
326 1809 364 1852 eo
378 1788 485 1852 traditi
500 1797 572 1852 sunt
588 1789 626 1866 ei,
642 1788 798 1854 debitores
812 1788 923 1853 mortis
937 1788 1047 1854 effecti.

262 1892 292 1955 2.
331 1890 370 1954 In
385 1890 453 1976 ipsa
467 1890 572 1978 itaque
585 1891 636 1956 die
655 1891 769 1956 mortui
789 1898 874 1969 sunt,
890 1892 923 1956 in
942 1914 1004 1978 qua
1023 1900 1057 1958 ει
1076 1892 1350 1970 manducaverunt,

196 1997 229 2055 ει
252 1991 406 2058 debitores
429 1993 503 2059 lacti
529 2001 603 2059 sunt
629 1994 748 2073 mortis,
776 1995 924 2080 quoniam
952 1994 1139 2060 conditionis
1165 1995 1231 2060 dies
1259 2015 1350 2060 nnus.

195 2094 349 2159 ²Factum
383 2105 426 2161 cot
454 2098 544 2176 enirn,
579 2097 691 2183 inquit,
727 2119 855 2184 nesporo,
887 2106 916 2163 et
939 2099 1066 2182 scotum
1099 2107 1141 2162 ost
1167 2119 1255 2162 oecos
1285 2097 1351 2162 dios

195 2217 281 2262 unm.
328 2197 367 2260 ln
390 2197 458 2284 ipsa
485 2207 591 2264 autem
620 2199 680 2264 hac
704 2199 755 2264 die
779 2200 1061 2274 manducaverunt;
1090 2198 1123 2262 in
1148 2198 1217 2284 ipsa
1244 2206 1350 2262 autem

196 2306 229 2363 et
257 2300 371 2364 mortni
406 2309 490 2366 sunt.
551 2301 730 2367 Secundum
765 2310 871 2367 autem
903 2301 1054 2366 circulum
1082 2308 1116 2365 et
1151 2321 1277 2365 cursum
1305 2301 1350 2364 di-

195 2420 293 2477 erum,
328 2401 499 2464 secundum
536 2423 629 2488 quem
664 2401 727 2466 alia
761 2401 886 2487 quidem
922 2401 1032 2486 prima,
1070 2400 1132 2465 alia
1163 2409 1270 2465 autem
1300 2421 1348 2466 se-

196 2501 307 2578 cunda,
338 2509 372 2566 ει
403 2503 465 2567 alia
492 2504 585 2568 tertia
614 2512 753 2582 vocatur,
783 2503 810 2567 si
840 2502 910 2588 quis
938 2503 1012 2568 velit
1041 2502 1206 2589 diligenter
1231 2503 1348 2568 discere

196 2625 258 2689 qua
289 2603 339 2669 die
372 2626 413 2669 ex
447 2613 568 2691 septem
600 2606 709 2671 diebus
736 2613 877 2670 mortuus
908 2613 958 2671 εει
990 2605 1106 2684 Adam,
1141 2605 1276 2670 inveniet
1308 2625 1347 2670 ex

195 2709 325 2773 Domini
349 2709 560 2796 dispositione.
597 2709 819 2797 Recepitulans
842 2709 925 2774 enim
944 2709 1120 2775 universum
1139 2707 1341 2774 hominemir

194 2833 229 2876 se
253 2812 294 2876 ab
320 2811 409 2877 initio
434 2833 531 2900 usque
552 2813 593 2878 ad
614 2813 719 2892 finem,
742 2812 965 2898 recapitulatus
987 2820 1036 2878 εει
1059 2820 1092 2877 ει
1113 2819 1246 2878 mortem
1268 2813 1338 2899 ejm.

196 2912 402 2980 Manifestum
420 2923 469 2982 εει
483 2916 598 3002 itaque,
615 2915 760 3004 quoniam
780 2916 813 2980 in
831 2915 884 2981 illa
898 2916 948 2982 die
967 2923 1100 2981 mortem
1118 2915 1266 2981 sustinuit
1280 2915 1338 2978 llo-

193 3017 296 3084 minus
313 3018 462 3085 obediens
480 3019 580 3099 Patri,
600 3019 633 3084 in
648 3041 710 3105 qua
723 3029 865 3086 mortuus
879 3027 928 3085 est
949 3020 1055 3084 Adam
1069 3019 1249 3084 inobediens
1264 3017 1339 3082 Deo.

117 3166 122 3178 .
170 3121 233 3185 .In
254 3143 316 3208 qua
337 3129 443 3188 autern
464 3129 606 3188 mortuus
623 3130 682 3203 εει,
704 3121 738 3186 in
760 3123 829 3209 ipsa
850 3130 883 3187 ει
905 3121 1112 3188 manducavit.
1152 3121 1242 3187 Dixit
1259 3115 1340 3182 enim

193 3227 297 3291 Deus:
321 3228 365 3292 Io
391 3249 453 3314 quo
475 3227 526 3292 dio
548 3225 774 3292 manducabitis
796 3249 832 3292 oo
853 3248 893 3306 eo,
916 3236 1010 3291 morte
1031 3227 1210 3291 moriemini.
1247 3219 1339 3286 Hunc

191 3327 296 3414 itaque
311 3329 393 3393 diem
407 3329 615 3416 recapitulans
629 3329 662 3392 in
676 3329 877 3415 semetipsum
893 3328 1058 3406 Dominus,
1073 3328 1157 3394 venit
1172 3327 1212 3392 ad
1227 3321 1338 3412 passio-

191 3451 262 3495 nem
277 3431 375 3519 pridie
390 3437 480 3497 ³ante
494 3433 669 3510 sabbatum,
686 3454 755 3518 quae
770 3439 819 3496 est
833 3439 925 3496 sexta
939 3431 1125 3497 conditionis
1140 3431 1216 3510 dies,
1231 3428 1263 3490 in
1278 3441 1339 3508 qua

191 3533 302 3600 ³homo
316 3533 488 3620 plasmatos
502 3542 561 3614 est,
582 3536 750 3612 secundam
771 3535 1007 3621 plasmationem
1021 3535 1078 3614 ⁴ei‚
1093 3557 1162 3601 eam
1178 3553 1244 3620 quse
1256 3532 1338 3590 esta

191 3644 301 3714 morte,
317 3658 372 3721 per
386 3658 475 3700 suam
489 3637 664 3723 passionem
676 3638 804 3704 donans.
841 3638 975 3720 Quidam
989 3647 1095 3703 autem
1108 3657 1213 3702 rursus
1226 3631 1256 3695 in
1270 3625 1337 3689 mil·

191 3737 334 3802 lesimnm
353 3759 469 3802 annum
490 3749 635 3805 revocant
655 3752 788 3806 mortem
809 3739 908 3805 Adae:
933 3741 1079 3826 quoniam
1097 3740 1179 3805 enim
1197 3736 1256 3802 dio
1272 3728 1478 3801 Ilo-aretina

192 3839 278 3917 mici,
301 3839 379 3903 doct
399 3841 672 3919 militensium
694 3842 908 3928 ⁵superposuit
928 3851 1034 3907 autem
1056 3843 1139 3907 mille
1156 3853 1258 3912 sums,
1281 3831 1338 3896 Sed

190 3939 273 4006 intra
287 3964 341 4007 eos
355 3951 494 4008 mortuus
508 3952 566 4023 est,
582 3944 835 4033 transgressionis
849 3944 1022 4030 adimplens
1035 3943 1226 4010 sententian·
1266 3932 1338 3998 Sive

239 4103 249 4136 ¹
266 4104 413 4167 amous,
424 4105 514 4168 voss,
524 4107 589 4156 vm.
624 4108 739 4169 meon,
841 4106 924 4157 ”oce
935 4108 1040 4158 omisso
1051 4109 1076 4156 n
1088 4108 1130 4157 ens
1140 4107 1247 4158 ornan,
1257 4096 1337 4145 which

189 4187 251 4247 Aa,
262 4187 350 4236 Maxu.
360 4198 390 4236 11.
399 4186 516 4251 disparat
540 4188 644 4251 tertium,
653 4189 740 4251 Mss,
792 4189 862 4238 reads
873 4189 939 4238 sese
952 4189 991 4237 for
1001 4189 1077 4238 torto.

189 4269 297 4318 buth.
312 4267 386 4318 tertio
839 4270 895 4332 *ot
915 4273 977 4334 Aa„
997 4272 1148 4321 Missum:
1165 4261 1336 4322 butema,

238 4349 251 4383 ³
265 4352 317 4402 Aa.
325 4351 412 4414 factae
419 4358 460 4412 cst,
473 4351 606 4400 andornits
616 4367 695 4402 mm.
714 4353 742 4402 It
791 4353 866 4415 Vnt,
880 4353 962 4403 Voss.
975 4361 1004 4404 ct.

189 4431 241 4481 also
257 4437 354 4497 repectu
366 4433 464 4496 foetum
478 4439 517 4493 at,
533 4432 629 4496 though
645 4432 741 4482 Graan}
839 4433 850 4465 ⁵
872 4433 1031 4498 superposuit,
1058 4430 1192 4494 ὑπερέθετο.
1236 4425 1269 4472 In
1297 4422 1340 4470 tha

189 4514 265 4564 infers
281 4517 325 4564 the
341 4517 468 4567 omission.
502 4515 740 4566 suscensens
790 4515 882 4580 sequel,
903 4529 1068 4579 rupoprecm
1084 4519 1115 4562 est
1132 4507 1252 4558 indicates
1270 4503 1339 4562 ires·

190 4594 271 4647 Voss.
285 4613 364 4661 agree.
791 4587 917 4660 opificem(
