3334 5070
337 352 403 418 128
631 365 886 420 MENTIUNTUR
904 363 972 428 QUI
990 361 1198 418 DENEGANT

194 539 299 674 ἓξὲξ
770 561 872 630 oar.
895 559 1057 627 xxxu

183 681 312 812 ciffis
488 701 615 792 Quare
626 699 810 798 solt‘afioi
833 695 1088 774 ct‘rcnmcc'neit
1110 722 1148 772 se
1169 695 1321 781 Admm,·
1377 694 1438 784 Et,

219 773 265 811 xiil.

177 847 323 858 ·--
482 821 608 911 Quare
624 819 671 895 dc
691 818 883 894 Pcrodiso
900 818 1030 893 Adam
1041 815 1198 917 projecit
1214 816 1326 891 Deus.

399 953 428 1016 1.
467 949 574 1017 (lisca
598 949 704 1014 Adam
726 957 832 1014 autem
854 948 930 1012 nihil
952 947 1014 1013 tals
1035 948 1154 1012 lactum
1175 955 1235 1025 est,
1253 947 1310 1011 sed
1331 945 1435 1012 omnia
1456 943 1490 1009 in

337 1054 535 1120 contrarium.
574 1053 629 1118 Ab
646 1052 745 1118 altero
763 1052 847 1118 enim
868 1051 1017 1118 seductus
1042 1051 1101 1114 sub
1125 1051 1287 1116 occasione
1310 1047 1490 1114 immortali·

336 1156 423 1234 tatis,
445 1155 554 1220 statim
575 1154 689 1220 timore
710 1153 876 1240 corripitur
897 1161 930 1220 et
951 1151 1170 1218 absconditur:
1194 1173 1257 1216 non
1278 1149 1367 1238 qnasi
1390 1149 1490 1236 possit

336 1259 473 1347 effugere
498 1259 614 1337 Deum,
641 1259 697 1324 sed
720 1257 876 1336 confusus,
899 1257 1045 1344 quoniam
1065 1264 1279 1342 trmrsgressus
1300 1263 1490 1340 praeceptum

173 1373 324 1464 {2⁰33po
337 1362 406 1447 ejus
420 1359 568 1446 indignus
589 1368 638 1424 est
657 1359 761 1424 venire
775 1359 808 1422 in
823 1367 1025 1444 conspectum
1039 1367 1073 1423 et
1087 1357 1273 1444 colloquium
1287 1355 1360 1422 Dei.
1386 1357 1491 1420 Timor

173 1467 203 1506 ¹&
252 1447 286 1467 ”’
336 1469 444 1526 autem
468 1463 599 1526 Domini
621 1462 747 1525 initium
772 1461 996 1546 liastimonae,-
1020 1460 1197 1526 intellectus
1219 1481 1291 1525 vero
1317 1468 1489 1546 transgres·

336 1562 434 1627 sionis
455 1562 531 1628 lecit
554 1562 790 1650 poenitentiam:
813 1563 1037 1648 poenitentibus
1059 1571 1166 1627 autem
1191 1563 1321 1648 largitur
1349 1560 1490 1648 benigni-

336 1671 435 1730 tatem
460 1685 550 1730 suam
569 1665 668 1731 Deus.
713 1664 840 1730 Etenim
859 1687 914 1752 per
933 1665 1174 1730 succinctorium
1194 1665 1226 1730 in
1246 1666 1329 1730 lacto
1352 1664 1489 1732 ostendit

219 1821 225 1834 .
284 1821 289 1833 .
335 1785 426 1832 suam
449 1766 677 1851 poeniteutiam,
701 1766 798 1831 ¹loliis
819 1767 960 1832 ficulneis
979 1767 1181 1853 semetipsum
1196 1775 1376 1853 contegens,
1390 1767 1488 1831 exsis-

335 1868 474 1934 tentibus
503 1877 536 1934 et
563 1869 634 1934 aliis
654 1868 737 1934 foliis
766 1869 882 1948 multis,
913 1890 983 1954 quae
1011 1870 1114 1934 minus
1142 1891 1254 1954 corpus
1279 1869 1348 1954 ejus
1375 1891 1488 1936 vexare

335 1967 527 2056 potuissent:
551 1969 741 2054 condignum
763 1978 870 2035 tamen
894 1971 1110 2036 inobedientiae
1132 1971 1282 2036 amictum
1305 1970 1389 2050 lecit,
1415 1991 1488 2036 con-

335 2073 463 2138 territus
486 2072 597 2138 timore
624 2071 706 2147 Dei;
737 2080 770 2137 et
793 2073 962 2138 retundens
982 2073 1174 2160 petulantem
1197 2074 1300 2140 carnis
1326 2073 1487 2160 impetum,

336 2175 482 2262 quoniam
494 2175 628 2240 indolem
642 2183 676 2240 et
689 2175 839 2262 puerilem
853 2176 1000 2241 amiserat
1013 2198 1149 2254 sensum,
1164 2185 1197 2242 et
1211 2176 1245 2241 in
1266 2178 1489 2264 cogitationem

335 2278 476 2364 pejomm
499 2286 637 2356 venerat,
652 2279 783 2342 l'raenum
804 2279 1004 2343 continentiae
1026 2278 1086 2343 sibi
1108 2287 1141 2344 et
1160 2278 1250 2343 uxori
1268 2301 1335 2344 suae
1358 2279 1488 2344 circum-

335 2380 432 2460 dedit,
447 2381 563 2446 timeus
584 2381 689 2446 Deum
711 2389 745 2446 et
764 2381 932 2446 adventum
954 2381 1023 2466 ejus
1045 2389 1243 2466 exspectem,
1264 2390 1298 2448 et
1322 2381 1407 2448 velut
1425 2382 1488 2447 tale

336 2483 411 2569 quid
435 2483 635 2572 significans:
669 2483 834 2565 Quoniam,
861 2483 972 2569 iuquit,
996 2505 1066 2548 eam
1089 2505 1183 2568 quam
1207 2483 1345 2550 habuis
1369 2483 1488 2569 Spiritu

335 2586 511 2652 sanctitatis
525 2587 637 2652 stolam
651 2586 741 2651 amisi
756 2607 811 2672 per
825 2585 1075 2664 inobedientiam,
1091 2594 1124 2650 et
1138 2607 1220 2650 nunc
1235 2607 1390 2673 cognosco
1405 2586 1488 2671 quod

335 2688 396 2752 sim
419 2689 532 2776 dignus
558 2688 612 2752 tali
635 2695 825 2774 tegumento,
852 2687 934 2773 quod
959 2687 1196 2752 delectationem
1222 2688 1348 2774 quidem
1370 2688 1487 2753 nullam

335 2797 474 2875 praestat‚
486 2790 608 2854 mordet
621 2798 727 2854 eutem
738 2797 771 2854 et
782 2788 894 2875 pungit
908 2809 1031 2874 corpus.
1077 2789 1121 2854 Et
1136 2789 1195 2854 hoc
1210 2790 1351 2855 videlicet
1365 2811 1488 2876 semper

335 2890 496 2956 habuisset
514 2891 740 2969 indumentum,
762 2890 929 2955 humilians
948 2891 1160 2976 semetipsum,
1181 2893 1241 2958 nisi
1258 2891 1412 2957 Dominus
1433 2892 1487 2978 qui

335 2999 385 3058 ost
400 2991 574 3058 misericors
587 2993 711 3058 ttmicas
725 2991 869 3077 pelliceas
884 3015 939 3077 pro
954 2992 1034 3058 loliis
1048 2994 1189 3059 ficulneis
1203 2994 1355 3059 induisset
1370 3017 1434 3060 eos.

401 3097 432 3160 2.
477 3094 612 3181 Propter
639 3095 699 3159 boc
724 3103 830 3160 autam
852 3102 885 3160 et
906 3096 1079 3184 interrogat
1102 3119 1167 3178 eos,
1191 3099 1237 3163 uti
1260 3099 1301 3163 ad
1327 3099 1488 3164 mulierem

335 3195 453 3263 veniret
475 3197 650 3273 aceruatim
673 3207 706 3262 et
727 3197 812 3262 illam
833 3221 940 3264 rursus
962 3199 1144 3287 interrogat,
1171 3199 1217 3266 uti
1240 3201 1280 3266 ad
1310 3211 1487 3287 serpentem

335 3300 562 3366 transmitteret
576 3301 727 3367 'causam
773 3300 865 3365 Dixit
878 3301 961 3366 cuim
973 3302 1056 3389 quod
1070 3303 1171 3368 luerat
1185 3303 1322 3369 lactum:
1346 3305 1486 3390 Serpens,

334 3400 389 3480 ait,
404 3402 526 3468 ardwit
539 3424 592 3482 me,
609 3412 638 3468 et
651 3403 846 3468 rnanducaot'.
893 3403 1075 3489 Serpentem
1090 3426 1163 3469 vero
1180 3427 1242 3469 non
1264 3405 1485 3492 intcrrogavit;

335 3503 454 3570 sciebat
468 3505 551 3569 enim
566 3527 637 3570 eum
653 3505 824 3590 principem
839 3507 1093 3593 transgressionis
1107 3508 1244 3583 lactum;
1265 3507 1321 3572 sed
1342 3508 1486 3573 maledic·
1500 3539 1530 3580 c.
1540 3543 1588 3582 222

335 3614 403 3672 tum
428 3605 528 3692 primo
551 3606 680 3671 immisit
702 3607 735 3670 in
756 3629 838 3686 eum,
858 3607 905 3672 uti
926 3609 1063 3672 secunda
1084 3608 1294 3694 increpatione
1314 3609 1433 3674 veniret
1454 3611 1487 3673 iu

334 3709 501 3776 bominem.
548 3710 632 3774 Eum
646 3709 729 3774 enim
745 3709 842 3776 odivit
857 3709 955 3787 Deus,
971 3709 1023 3796 qui
1038 3711 1163 3776 seduxit
1178 3711 1354 3786 homiuem
1372 3712 1400 3778 ei
1416 3735 1487 3777 vero

334 3812 387 3897 qui
402 3812 550 3877 seductus
564 3819 623 3889 est,
638 3811 754 3876 sensim
769 3811 981 3897 paulatimque
996 3812 1141 3878 misertus
1156 3821 1215 3880 est.
1246 3815 1441 3900 Quapropter
1455 3825 1489 3880 et

171 3947 323 3988 omnm
334 3916 427 4002 ercit
440 3935 512 3980 eum
527 3915 567 3980 de
582 3913 744 3992 Psrodiso,
760 3921 792 3978 et
811 3935 831 3978 a
849 3913 934 4000 ligno
949 3915 1021 3979 vitae
1041 3915 1133 4004 longe
1151 3917 1328 3982 transtulit:
1354 3939 1417 3983 nou
1442 3919 1488 3982 in-

170 3995 200 4033 ²⁴
333 4017 442 4083 videns
455 4017 484 4082 ei
499 4017 618 4104 lignum
632 4015 716 4094 vitae,
732 4015 993 4101 quemadmodum
1005 4018 1122 4082 audent
1136 4017 1279 4106 ⁸quidem
1294 4019 1415 4096 dicere;
1431 4021 1488 4086 sed

382 4155 393 4189 ¹
407 4155 477 4216 Quod
486 4155 595 4218 wacca
600 4155 700 4219 fractus
705 4155 824 4218 findam
831 4171 885 4204 mc-
937 4155 1022 4216 deira,
1034 4156 1103 4206 circe
1118 4155 1185 4207 istud
1202 4158 1299 4207 omnino
1314 4157 1396 4205 hausit
1406 4173 1423 4205 c
1437 4173 1487 4204 πια-

332 4235 883 4298 ctorcoeteireet,ctfoltodac·torn.l³u1no,
936 4235 1001 4298 lipsi
1021 4237 1135 4300 eupsetet
1153 4236 1322 4299 primogenito,
1341 4235 1404 4285 alcas
1422 4253 1439 4284 c
1459 4236 1484 4285 S.

335 4317 381 4377 Qo.
394 4319 422 4366 io
435 4317 492 4366 Gen.
506 4327 523 4366 1.
537 4332 577 4376 41.
935 4317 1032 4379 Ipnuta'o
1049 4319 1196 4380 appellatur,
1215 4317 1311 4366 Simone
1327 4317 1409 4380 Mago.
1440 4318 1485 4366 On.

383 4396 671 4459 ’ἀναφέρῃτὴναὶτίαη
685 4400 732 4448 i.e.
745 4398 851 4462 mdpcrn.
934 4399 1032 4459 nomm,
1056 4399 1102 4446 but
1119 4397 1209 4458 Voss,
1235 4397 1300 4448 Fau.
1323 4413 1399 4461 otnrp.
1423 4401 1487 4449 bave

383 4477 395 4512 ⁸
410 4479 439 4528 Si
457 4478 572 4527 Marcion
583 4478 620 4540 id,
633 4479 748 4542 quoditie
760 4479 883 4542 repr-etm-
934 4479 1013 4539 αιιάά,
1031 4479 1148 4542 omitting
1166 4481 1209 4528 tbe
1227 4480 1300 4529 marli
1317 4481 1347 4529 of
1361 4481 1487 4532 abbrevia·

334 4559 409 4620 dtur,
419 4573 520 4608 casam
529 4559 668 4621 eumfacit,
678 4559 799 4620 actisactis
807 4559 882 4608 moli-
933 4559 995 4608 tion.
1009 4559 1059 4608 As.
1068 4559 1271 4620 qrtemadmodum
1277 4561 1379 4625 quidam
1390 4564 1484 4614 dicunt.
