3276 5086
317 337 385 402 334
687 352 712 404 n
737 351 875 406 nereus
900 351 1106 404 Pniucrrns

182 525 276 611 Lypll-
321 509 444 588 Καθὼς
470 509 524 582 καὶ
548 515 687 584 τολλῶν
714 512 871 596 ἆκούομεν
895 510 1051 611 ἀδελφῶν
1073 513 1106 581 ἐν
1132 514 1175 605 τῇ
1203 511 1369 603 ἐκκλησίᾳ,
1392 541 1483 610 τρο-

173 618 294 706 ‘idalii
322 619 449 724 φητικᾶ
471 623 671 721 χαρίσματα
696 625 849 721 ἑχόντων,
874 625 927 694 καὶ
951 621 1183 699 παντοδαταῖς
1207 625 1401 694 λαλούντων
1423 621 1481 694 διὰ

161 711 386 808 Lecti
403 737 588 820 πνεύματος
611 737 792 827 γλώσσαις,
824 735 878 807 καὶ
907 732 952 807 τό
978 737 1104 836 κρύφια
1131 741 1197 808 τῶν
1227 737 1407 834 ἀνθρώπων
1433 737 1480 810 εἰς

157 823 277 914 ἕλῃ
324 845 471 948 φανερόν
495 847 648 939 ἆγόντων
673 848 727 920 ε’τό
753 852 802 940 τῷ
823 847 1042 947 συμφέροντι,
1068 847 1123 918 καὶ
1146 847 1192 920 τὰ
1217 851 1384 946 μυστήρια
1411 853 1479 918 τοῦ

320 961 408 1032 Θεοῦ
423 958 684 1051 ε’κόιηγουμένων.

319 1113 386 1201 ipse
404 1114 597 1202 loquebatur.
642 1113 912 1196 Quemadmodum
925 1121 959 1180 et
978 1087 1094 1178 multos
1110 1113 1285 1178 audivimus
1302 1113 1414 1178 iratres
1439 1115 1475 1178 in

320 1213 472 1295 Ecclesia,
488 1215 670 1302 prophetica
683 1215 835 1280 habentes
854 1215 1051 1294 charismata,
1067 1223 1100 1280 et
1114 1237 1169 1302 per
1184 1215 1335 1300 Spiritum
1351 1215 1474 1280 univer-

318 1317 363 1384 sis
373 1317 488 1406 linguis
499 1318 668 1403 loquentes,
680 1325 713 1383 et
721 1319 873 1384 absconsa
881 1317 1042 1382 hominum
1054 1318 1086 1381 in
1094 1317 1474 1403 menifestumproduoen-

318 1427 369 1486 tes
388 1420 430 1484 ad
448 1420 626 1498 utilitatem,
649 1429 682 1485 et
704 1419 852 1506 mysteria
870 1419 930 1485 Dei
953 1429 1144 1498 enarrantes,
1160 1442 1239 1506 quos
1261 1429 1294 1484 et
1315 1420 1474 1505 spiritales

319 1522 493 1608 Apostolus
514 1531 621 1600 rocat3
649 1524 819 1590 secundum
841 1523 1111 1610 participationem
1134 1524 1269 1610 Spiritus
1285 1522 1475 1588 exsistentes

320 1624 485 1710 spiritales,
509 1625 566 1690 sed
589 1647 652 1691 nou
674 1625 845 1692 secundum
870 1625 1136 1690 defraudationem
1158 1634 1191 1690 et
1213 1624 1473 1709 interceptionem

318 1727 431 1806 earnis,
455 1735 488 1792 et
514 1727 597 1792 uude
620 1727 681 1792 hoc
704 1726 807 1812 ipsum
830 1725 941 1791 solum.
988 1725 1023 1790 Si
1047 1726 1131 1790 enim
1152 1725 1361 1792 substantiam
1382 1726 1473 1791 tollat

317 1829 430 1918 aliquis
452 1829 565 1908 munis,
588 1829 687 1894 idest
709 1827 880 1914 plasmatis,
902 1836 936 1893 et
956 1827 1039 1893 nude
1062 1827 1182 1914 ¹ipsum
1205 1827 1306 1895 solum
1327 1828 1474 1914 spiritum

319 1932 483 2021 intelligat,
503 1933 572 2018 jam
593 1953 657 1996 non
679 1929 827 2017 spiritalis
841 1931 935 1996 homo
950 1930 1096 2017 estquod
1110 1938 1160 1995 eet
1177 1931 1250 2010 tale,
1265 1929 1321 1996 sed
1344 1930 1473 2016 spiritus
1486 1961 1512 2002 θ,
1522 1963 1568 2006 «ῃ,

319 2034 463 2114 hominis,
478 2042 534 2099 sut
557 2033 692 2120 Spiritus
713 2031 786 2097 Dei.
831 2032 912 2098 Cum
932 2039 1038 2098 autem
1060 2033 1189 2120 spiritus
1210 2033 1261 2099 hic
1283 2033 1473 2099 commixtus

318 2135 431 2202 enimse
455 2137 562 2202 unitur
584 2134 739 2222 plasmati,
763 2143 890 2222 propter
912 2135 1092 2201 effirsionem
1119 2134 1254 2220 Spiritus
1272 2135 1419 2222 spiritalis
1438 2143 1472 2200 et

318 2240 475 2326 perlectus
488 2239 582 2306 homo
596 2239 699 2304 faetus
713 2245 783 2304 est:
805 2246 838 2303 et
852 2237 903 2303 hic
918 2245 967 2302 est
989 2237 1042 2323 qui
1063 2239 1234 2303 secundum
1252 2237 1420 2324 imaginem
1438 2247 1472 2305 et

319 2339 552 2406 similitudinem
575 2340 678 2405 fuctus
695 2343 744 2403 est
767 2337 840 2402 Dei.
877 2336 912 2402 Si
927 2345 1033 2402 eutem
1048 2337 1180 2402 deluerit
1194 2337 1307 2402 animae
1324 2337 1470 2424 Spiritus,

319 2441 462 2508 animalis
483 2449 532 2508 est
551 2462 632 2520 vere,
654 2440 707 2526 qui
729 2447 778 2506 est
793 2439 875 2518 talis,
891 2447 924 2504 et
944 2439 1077 2505 camelis
1091 2439 1258 2506 derelictus
1271 2439 1471 2526 imperfectus

320 2541 397 2610 erit:
422 2541 608 2631 ’imaginem
628 2541 753 2628 quidem
771 2541 890 2607 hebens
909 2541 942 2604 in
959 2539 1122 2626 plasmate,
1142 2541 1375 2606 similitudinem
1397 2565 1471 2608 vero

320 2667 383 2712 non
397 2666 560 2712 assumens
573 2667 628 2731 per
644 2643 810 2730 Spiritum
833 2645 916 2710 sicut
930 2652 1035 2709 sutem
1049 2643 1102 2710 hic
1117 2645 1316 2730 imperfectus
1326 2653 1384 2711 est.
1416 2647 1471 2713 Sic

320 2749 434 2816 iterum
446 2748 474 2814 si
488 2748 559 2833 quis
572 2747 662 2812 tollat
675 2745 853 2832 imaginem,
866 2753 899 2810 et
913 2751 1060 2831 ³spernat
1075 2747 1204 2832 plasma,
1217 2749 1284 2834 jam
1298 2769 1361 2812 non
1371 2748 1472 2813 homi·

319 2873 392 2917 nem
407 2849 578 2938 intelligere
594 2853 707 2934 potest,
723 2845 779 2911 sed
798 2855 854 2912 eut
869 2857 990 2933 partem
1013 2849 1149 2936 aliquam
1163 2848 1308 2930 hominis,
1323 2853 1472 2936 quemad-

369 2984 573 3047 1λικίελρεκοι.
921 2987 1035 3048 Oriens,
1060 2987 1181 3052 edoptmg
1201 2989 1318 3053 partislly
1338 2990 1382 3038 the
1402 3007 1473 3040 sune

368 3063 380 3097 ⁵
395 3065 526 3115 Theseum
537 3065 680 3114 distinction
697 3081 756 3130 may
767 3067 824 3115 here
840 3067 871 3116 be
920 3067 1015 3128 notion,
1028 3067 1150 3118 describes
1164 3085 1223 3118 meu
1241 3085 1309 3133 upon
1324 3071 1394 3120 earth
1405 3073 1472 3122 tobe

318 3145 402 3198 treoed
413 3145 524 3196 betium
535 3147 578 3194 the
588 3145 702 3210 spiritual
713 3147 805 3209 Adam,
819 3164 869 3197 cre·
921 3151 946 3199 in
957 3151 1002 3200 the
1012 3151 1094 3214 image
1104 3152 1133 3200 ol
1144 3152 1214 3212 God3
1231 3153 1274 3201 the
1285 3153 1420 3203 similitude
1430 3156 1473 3205 be·

317 3227 375 3278 eted
386 3227 621 3276 et’eertheliksness
637 3228 666 3276 of
679 3228 744 3289 God,
759 3230 810 3278 and
827 3230 870 3278 the
919 3230 964 3294 ing
974 3231 1087 3280 reserved
1097 3231 1136 3280 for
1146 3232 1240 3282 heaven
1250 3250 1257 3294 ;
1271 3252 1297 3284 τ.
1311 3235 1366 3296 όρχ.
1379 3247 1421 3284 111.
1434 3237 1470 3286 τί.

317 3309 418 3374 psychic
428 3308 521 3369 Adam,
534 3309 588 3358 into
599 3309 681 3358 whom
692 3311 735 3359 the
745 3311 833 3361 breath
844 3313 874 3362 ol
921 3310 945 3360 S
958 3311 1098 3360 sconsum
1109 3328 1235 3377 expresses
1245 3315 1289 3364 the
1295 3331 1363 3364 sume
1369 3315 1471 3366 distinc-

317 3386 359 3436 lite
373 3401 424 3435 ures
440 3387 568 3447 breathed‚
581 3387 638 3437 that
649 3403 686 3436 we
696 3389 761 3438 have
771 3390 822 3440 had
832 3407 870 3440 oc·
919 3392 972 3442 tion
984 3393 1063 3456 byhis
1073 3397 1124 3442 two
1134 3396 1414 3456 terms,Renosotioaud
1425 3398 1470 3446 In·

316 3467 400 3518 cesion
412 3471 439 3516 to
450 3467 533 3517 notice
548 3469 574 3517 iu
589 3469 633 3517 the
643 3469 792 3520 Rabbinical
802 3472 870 3520 theo·
919 3473 1022 3524 muoso.
1055 3475 1108 3524 The
1124 3477 1272 3537 schoolmeu,
1297 3493 1325 3526 es
1340 3479 1422 3542 might
1437 3480 1471 3528 be

316 3549 374 3614 logy
384 3548 463 3612 (Pecs.
472 3549 538 3600 Rene.
549 3561 585 3600 IV.
596 3551 677 3601 where
693 3551 725 3602 cf.
740 3553 785 3601 rel.
794 3569 819 3602 n.
830 3553 855 3617 4)
863 3571 869 3615 ;
918 3554 1051 3618 imagined,
1063 3555 1132 3606 draw
1142 3573 1158 3606 s
1168 3558 1261 3607 similer
1271 3559 1414 3608 distinction
1428 3561 1470 3609 be

315 3630 397 3680 which
414 3630 500 3680 Pmo
516 3631 568 3680 also
589 3632 704 3697 adopted,
723 3633 793 3694 auid,
819 3635 870 3683 and
918 3635 1469 3700 tweentheimape,andthesimilitudewhich

315 3712 371 3776 Lep.
384 3713 464 3776 Allep.
475 3727 514 3779 29,
526 3714 596 3776 όγλρ
606 3715 660 3764 κατ’
669 3715 747 3764 εἰκόνα
756 3717 870 3776 adpetitus
918 3715 978 3780 they
986 3717 1137 3767 understood
1148 3723 1175 3769 to
1183 3735 1255 3770 mean
1268 3722 1311 3770 the
1322 3721 1378 3771 cin
1387 3723 1418 3771 cl
1425 3723 1469 3772 the

315 3793 501 3857 dhh’odpdno35
517 3794 568 3843 end
583 3811 653 3844 more
669 3795 797 3860 definitely
809 3797 868 3846 else-
918 3795 1003 3860 Spirit,
1024 3797 1097 3846 while
1119 3799 1162 3848 the
1179 3800 1270 3850 former
1286 3801 1403 3851 involved
1424 3804 1470 3852 the

313 3875 403 3936 where,
422 3877 525 3938 διαφορὰ
543 3877 701 3936 παμμεγέθης
716 3878 771 3926 ἐστι
785 3879 829 3926 τοῦ
840 3895 869 3926 τε
917 3877 986 3926 three
997 3879 1243 3942 higherfacultiesof
1251 3882 1470 3943 thesoul,aocord·

313 3957 354 4004 νῦν
368 3955 519 4004 πλασθέντας
533 3955 665 4016 ἀνθρώπου,
686 3956 726 4004 sel
743 3957 787 4004 τοῦ
805 3958 869 4006 κατό
916 3957 961 4020 ing
979 3962 1007 4006 to
1025 3958 1121 4020 Pnnno,
1141 3961 1205 4021 δόξα,
1223 3963 1318 4022 γνῶσις,
1338 3963 1387 4011 und
1407 3965 1468 4013 νοός.

313 4037 358 4095 τὴν
370 4035 448 4084 εἰκόνα
458 4036 521 4084 θεοῦ
536 4035 666 4096 γεγονότος
683 4035 806 4098 πρότερον.
837 4039 867 4086 'O
917 4038 957 4102 By
967 4040 1080 4100 thefirnt,
1093 4042 1136 4090 the
1147 4043 1202 4091 soul
1213 4043 1310 4093 divinos
1320 4045 1364 4094 the
1371 4045 1432 4094 lawe
1443 4046 1474 4094 of

312 4120 356 4177 μὲν
374 4120 424 4181 γόρ
437 4119 595 4168 όιατλασθείς
612 4118 665 4178 ἤδη,
686 4119 808 4180 αἰσθητός,
828 4137 867 4178 με·
915 4121 1001 4186 things
1012 4123 1167 4187 perishable;
1183 4124 1219 4188 by
1229 4125 1272 4174 the
1283 4127 1381 4187 second,
1394 4127 1416 4174 it
1427 4143 1471 4190 ap-

312 4201 391 4260 τόχαν
408 4200 542 4260 ποιόν-επακ,
563 4201 590 4249 ἐκ
605 4201 715 4259 σώματος
732 4202 773 4250 καὶ
788 4204 868 4264 ψυχῆς
916 4203 1037 4267 preciates
1048 4205 1233 4254 mathematical
1245 4207 1338 4271 ναι-1ης
1351 4207 1425 4255 while
1436 4209 1472 4272 by

313 4281 438 4339 συνεστὼς,
453 4281 512 4342 ἀνὴρ
523 4297 538 4339 η
549 4282 618 4342 γυνὴ,
638 4282 710 4342 φύσει
726 4282 810 4341 θνητός
822 4283 865 4330 κόν·
915 4283 959 4332 the
980 4285 1056 4346 third,
1074 4285 1096 4334 it
1117 4287 1297 4352 contemplatos
1315 4289 1359 4337 the
1374 4290 1471 4338 ster-nal

225 4395 228 4400 r
312 4359 590 4420 tornamentorum,
604 4361 703 4412 ὶόόατιο
718 4361 736 4422 ἢ
754 4363 830 4424 γένος,
850 4363 867 4424 ἢ
915 4363 991 4414 ideas.
1026 4366 1148 4430 Compare
1161 4367 1214 4416 also
1229 4379 1245 4417 L
1260 4381 1301 4432 49,
1314 4367 1364 4417 end
1375 4379 1402 4418 v.
1415 4369 1468 4419 xvi.

312 4439 419 4501 σφραγὶς
429 4441 512 4498 νοητός
521 4441 656 4500 ἀσώματος,
668 4443 718 4490 οὔτ’
729 4443 801 4504 όρῤην
811 4446 867 4492 otte
915 4445 967 4494 also
979 4446 1061 4497 (ἶλαι.
1075 4449 1123 4496 An.
1136 4447 1161 4496 S.
1175 4460 1205 4497 11.
1222 4463 1258 4512 ¹9·

312 4520 392 4578 θῆλυς,
407 4519 530 4580 όφθαρτος
541 4522 620 4580 φύσει.
655 4521 745 4571 Herod.
764 4523 808 4585 Op.
825 4523 864 4584 46.
964 4525 975 4558 ³
990 4535 1095 4590 spernat,
1110 4529 1226 4590 όθετήσῃ,
1240 4530 1342 4592 αόνορα,
