3276 5086
299 307 367 374 314
671 315 979 372 PBAEDESTINATA
1004 315 1079 371 ΒΗΑ

165 495 254 536 mnu
300 474 466 560 Oportebit
479 481 585 540 autem
599 480 642 552 te,
657 493 825 557 omnesque
839 471 973 538 lecturos
983 469 1271 556 hanescripturam,
1284 467 1460 555 impensius
1613 419 1616 510 l

139 567 402 666 “legere
418 600 456 644 ea
477 600 547 664 quae
566 599 586 642 a
603 577 694 642 nobis
713 575 863 662 praedicta
884 583 968 652 sunt,
983 583 1020 640 ut
1033 582 1066 638 et
1079 579 1265 660 arguments
1278 571 1347 658 ipsa
1361 570 1456 649 scias,
1615 534 1617 614 l

298 683 446 748 adversus
472 705 542 778 quse
571 679 834 748 contradictiones
862 679 1003 743 iacimus.
1063 676 1115 741 Sic
1145 675 1286 740 enimet
1313 674 1457 762 legitime

300 787 347 851 eis
361 786 565 864 contradices,
581 784 667 850 etde
686 791 860 869 praeparato
879 779 1034 866 laccipies
1047 781 1196 845 adversus
1211 800 1265 844 eos
1280 777 1457 843 contradic-

300 891 412 968 tiones,
428 888 549 952 illorum
564 887 690 974 quidem
704 886 877 952 sententias
897 907 953 972 per
975 885 1134 950 coelestem
1153 883 1257 961 fidem,
1277 881 1361 948 velut
1375 889 1456 946 ster·
1475 895 1510 936 ¹¹·
1523 897 1573 935 m-

301 1015 383 1070 cora,
393 991 574 1076 ¹abjioicns;
591 989 692 1055 solum
706 997 811 1054 autem
820 1011 926 1054 verum
937 997 970 1054 et
980 988 1103 1052 firmum
1114 987 1298 1074 magistrum
1309 1007 1455 1071 sequens,
1618 965 1622 1152 ἰ

303 1095 444 1159 Verbum
467 1093 539 1171 Dei,
563 1091 675 1157 Jesum
699 1091 858 1156 Ohristum
880 1089 1052 1155 Dominum
1073 1098 1232 1155 nostrum:
1253 1089 1306 1177 qui
1328 1097 1458 1175 propter

302 1194 485 1258 immensam
506 1212 595 1256 suam
617 1190 813 1256 dilectionem
832 1191 934 1256 sactus
948 1196 997 1254 est
1011 1189 1094 1275 quod
1117 1209 1225 1254 sumus
1239 1210 1306 1268 nos,
1326 1188 1373 1252 uti
1397 1209 1458 1254 nos

303 1296 464 1384 perliceret
478 1315 547 1360 esse
562 1293 646 1378 quod
659 1300 692 1358 et
706 1292 783 1378 ipse.

803 1508 905 1575 OAP.
930 1507 958 1574 Ι.

303 1639 411 1714 Solus
435 1638 600 1716 Otaam
624 1637 754 1714 divina
776 1663 841 1713 aos
867 1635 1005 1730 docere,
1034 1661 1080 1711 ac
1106 1635 1287 1712 redimere
1308 1637 1455 1736 potuit:

379 1755 546 1856 idemque
569 1769 608 1831 at
634 1782 697 1831 reos
718 1767 925 1855 repararet,
948 1781 1021 1829 mort
1043 1753 1214 1854 opinione
1235 1754 1299 1830 sed
1315 1755 1454 1855 reipsa,

286 1891 289 1899 '
378 1873 545 1974 Spiritus
560 1872 680 1948 sancti
695 1873 904 1972 operatione
922 1899 965 1947 ea
981 1871 1117 1946 Maria
1141 1871 1290 1971 Virpiae
1307 1899 1457 1948 carnem

379 1991 548 2068 assumsit
558 2023 570 2078 ,·
589 1990 763 2067 adversas
787 1989 972 2066 Valentini
987 2004 1019 2066 et
1035 1989 1192 2066 Ebioais
1207 1989 1393 2067 vanitates.

307 2161 338 2226 1.
382 2157 459 2222 Noa
482 2158 567 2222 enim
589 2155 680 2221 aliter
700 2159 776 2221 ’nos
796 2153 914 2221 diesem
933 2164 1110 2243 poteramus
1128 2177 1198 2244 quse
1217 2164 1291 2222 sunt
1309 2157 1378 2233 Dei,
1394 2157 1455 2224 nisi
1474 2170 1561 2211 w

306 2261 455 2349 magister
476 2269 590 2336 noster,
609 2259 751 2324 Verbum
772 2259 936 2338 exsistens,
963 2259 1056 2324 homo
1077 2260 1178 2325 iactus
1198 2260 1318 2326 inisset.
1346 2260 1458 2347 Neque

308 2363 390 2428 enim
409 2362 489 2426 alius
504 2369 628 2448 poterat
647 2383 791 2427 enarrare
810 2361 899 2426 nobis
920 2383 990 2448 quae
1004 2370 1078 2426 sunt
1095 2362 1210 2440 Patris,
1226 2363 1285 2428 nisi
1300 2363 1458 2448 proprium

144 2489 283 2530 emam
309 2466 406 2553 ipsius
429 2465 581 2530 Verbum.
628 2465 702 2544 Ques
723 2466 802 2530 caim
830 2464 909 2530 alius
931 2467 1065 2550 copmoit
1086 2485 1204 2530 somam
1228 2466 1381 2530 Domini?
1403 2475 1460 2530 aut

309 2571 378 2656 qais
398 2569 477 2634 nlius
499 2568 562 2651 ejas
583 2567 778 2632 comitiarias
790 2570 898 2652 factm
918 2567 984 2631 est?
1030 2567 1139 2652 Neque
1161 2589 1268 2633 rursus
1289 2589 1347 2632 nos
1368 2568 1461 2633 aliter
1634 2533 1635 2614 l

309 2671 428 2739 discere
443 2680 630 2758 poteramus,
646 2671 705 2735 nisi
720 2669 903 2756 magistrum
924 2679 1063 2736 nostrum
1079 2671 1228 2751 videntes,
1244 2679 1277 2736 et
1296 2693 1352 2758 per
1372 2673 1459 2737 audi-

308 2786 377 2842 tum
401 2780 559 2840 'nostrum
583 2794 691 2838 vocem
719 2775 788 2858 ejus
816 2773 1032 2858 percipientes,
1061 2775 1108 2838 uti
1134 2775 1306 2840 imitatores
1335 2776 1459 2862 quidem

144 2891 252 2933 hem·
309 2900 446 2964 operum,
476 2877 609 2941 lectores
635 2882 740 2939 autem
776 2895 954 2940 sermonum
989 2877 1057 2961 ejus
1092 2877 1176 2956 lacti,
1211 2878 1460 2943 communionem

309 2982 479 3045 habeamus
496 2999 568 3045 cum
589 2978 677 3064 ipso;
700 2998 720 3041 a
739 2978 887 3062 perlecto,
903 2987 936 3043 et
954 2999 992 3044 co
1011 2978 1063 3066 qui
1084 2988 1134 3044 est
1154 2988 1228 3045 ante
1247 3003 1371 3047 omnem
1387 3005 1461 3047 con-

310 3085 469 3161 ditionem,
491 3089 692 3170 augmentum
714 3083 912 3167 accipientes,
935 3083 988 3167 qui
1014 3105 1096 3148 nunc
1121 3088 1237 3169 ⁸nuper
1257 3085 1332 3150 facti
1353 3105 1462 3149 sumus

311 3193 349 3251 ⁴a
371 3183 438 3250 solo
462 3185 581 3272 optimo
603 3192 636 3250 et
655 3185 746 3263 bono,
769 3193 802 3250 et
823 3187 864 3250 ab
886 3207 924 3250 eo
946 3185 999 3270 qui
1020 3185 1116 3252 habet
1136 3185 1335 3252 donationem
1361 3187 1462 3252 incor-

312 3287 534 3374 ruptibilitatis,
549 3287 582 3351 in
604 3307 672 3352 eam
691 3309 760 3374 quae
782 3296 831 3353 est
852 3288 893 3352 ad
911 3308 983 3352 eum
1002 3287 1235 3352 similitudinem
1257 3289 1342 3367 sacti,
1368 3292 1463 3374 (prm-

312 3391 459 3456 destinati
483 3391 617 3476 quidem,
647 3399 683 3456 ut
711 3413 850 3456 essemus
879 3391 932 3477 qui
961 3391 1099 3454 nondum
1130 3411 1262 3469 cramus,
1292 3393 1463 3456 monadum

147 3510 252 3553 suet-¹²
312 3495 540 3580 praescientiam
567 3495 699 3576 Patris)
723 3495 797 3560 lacti
822 3504 927 3560 autem
956 3493 1097 3558 ⁵initium
1119 3495 1258 3569 iacturae,
1287 3497 1464 3582 accepimus

313 3598 345 3662 in
367 3598 566 3684 praecognitis
589 3597 781 3683 temporibus
804 3597 973 3661 secundum
997 3595 1257 3662 ministrationem
1280 3596 1389 3673 Verbi,
1410 3598 1463 3683 qui

312 3709 361 3766 est
376 3701 530 3785 perlectus
545 3700 577 3764 in
589 3699 741 3778 omnibus,
758 3699 903 3785 quoniam
918 3697 1057 3764 Verbum
1071 3707 1192 3784 potens,
1207 3707 1241 3764 et
1254 3699 1348 3764 bomo
1363 3721 1464 3778 verus,

361 3863 371 3896 ²
388 3865 440 3913 Aa.
453 3864 552 3928 accipis,
564 3863 666 3927 objicies.
913 3863 1011 3911 tuation
1031 3863 1143 3912 followed
1160 3879 1285 3928 precer-vas
1302 3865 1346 3913 the
1363 3863 1465 3928 parallel

361 3944 438 4006 ’noa
458 3953 572 4006 nostrum,
593 3943 698 3994 omitted
714 3944 740 3992 in
756 3946 800 3993 tbe
817 3945 860 3994 Cn.
914 3945 977 3993 flow.
1017 3943 1070 3992 tue
1092 3946 1175 3994 clause
1196 3961 1213 3993 a
1230 3945 1463 4009 perfecto....bono,

313 4029 370 4078 MS,
914 4041 1020 4074 snswers
1033 4030 1067 4086 to,
1084 4033 1104 4074 ct
1122 4026 1152 4075 ab
1166 4027 1302 4089 eo...secti,
1315 4029 1359 4076 tbs
1377 4045 1464 4093 paren·

360 4108 371 4142 ³
386 4123 453 4158 aurae
463 4124 549 4172 anper,
558 4107 650 4173 simply
657 4108 720 4171 ἄρτι,
728 4107 806 4171 294,l.
816 4108 860 4156 ult.
913 4107 990 4156 thesis
1001 4106 1136 4171 internupta
1144 4109 1187 4156 the
1197 4110 1374 4170 construction,
1383 4111 1465 4159 wbicb

360 4189 438 4238 ‘art
448 4191 519 4250 μόνον
529 4191 573 4238 τοῦ
583 4190 692 4252 χρηστοῦ
703 4190 743 4238 acl
754 4191 855 4250 ἀγαθοῦ.
913 4188 935 4237 is
957 4189 1069 4238 rssumsd
1091 4190 1117 4238 in
1138 4191 1335 4254 recapitulatiou,
1358 4191 1463 4254 sacti..

326 4313 330 4321 .
361 4271 490 4320 'tntum
503 4272 618 4334 factura,
643 4287 670 4320 as
688 4272 784 4320 Gnate}
802 4271 862 4320 ima·
908 4271 1024 4335 foetura,
1048 4272 1120 4320 wben
1142 4272 1185 4320 the
1208 4271 1333 4335 predicata
1360 4273 1463 4335 follows,

311 4356 381 4418 gines
400 4355 500 4415 ἀπαρχὴ
517 4356 561 4402 τοῦ
583 4354 721 4415 κτίσματος,
740 4353 864 4402 reserenoc
914 4353 1055 4416 accepimus,
1079 4353 1121 4402 dio.
1156 4353 1251 4403 Gneus
1272 4355 1307 4419 by
1328 4353 1428 4420 placing
1450 4371 1467 4405 a

311 4435 386 4498 being
406 4433 526 4482 madata
549 4435 573 4483 Β.
592 4435 679 4484 Jamea
700 4436 717 4485 i.
733 4436 770 4485 18.
810 4435 863 4484 The
913 4434 959 4483 lull
970 4439 1026 4498 stop
1037 4439 1064 4483 at
1075 4433 1140 4494 boae,
1161 4435 1465 4487 andMassunrataoci·

311 4516 481 4566 construction
496 4516 517 4564 is
535 4515 659 4576 involved,
671 4516 718 4565 but
733 4518 775 4566 the
788 4533 864 4581 punc·
910 4515 1010 4578 pientes,
1024 4515 1163 4580 effectually
1173 4515 1275 4566 obscmc
1285 4518 1328 4566 tbe
1339 4533 1415 4567 sense.
