3276 5086
509 433 654 486 caseum
680 431 850 488 ssuavm
875 429 985 485 man.
1255 415 1322 482 365

122 635 124 638 -
169 588 262 668 ditur,
287 588 528 677 quihaeol'aeit,
549 588 667 675 etipse
686 589 787 654 bouus
802 588 908 667 Pater,
933 588 1067 675 benigne
1087 588 1182 654 vitam
1202 582 1322 653 donans
1365 603 1455 690 κιρ-ιν.

169 692 219 758 bis
233 694 286 780 qni
302 716 342 759 ex
357 715 392 758 se
406 714 470 758 nou
485 692 637 758 ¹habeaut
652 692 759 758 vitam.
1344 677 1469 782 ⁰51,ng

234 800 266 862 2.
306 795 352 862 Et
373 804 500 882 propter
521 795 581 862 hoc
608 796 860 862 manifestissime
888 795 1044 862 Dominus
1070 796 1207 862 ostendit
1230 817 1266 862 se
1288 805 1321 862 et
1339 792 1482 872 ‚HL

169 899 299 965 Patrem
325 899 451 987 quidem
479 899 545 964 suis
573 898 743 984 discipulis,
772 921 812 965 ne
840 900 959 965 scilicet
989 909 1164 987 quaererent
1189 899 1322 964 alterum

6 1029 7 1058 u
63 1013 145 1056 ⁰³2¹·
169 1000 282 1080 Deum,
308 1011 421 1087 praeter
442 1023 514 1066 eum
537 1000 590 1087 qui
614 1001 811 1086 plasmaverit
835 1001 1005 1080 hominem,
1032 1010 1065 1066 et
1087 1001 1227 1066 afflatum
1249 1001 1322 1066 vitae

168 1105 329 1170 donaverit
350 1103 400 1178 ei;
427 1124 527 1188 neque
548 1101 582 1166 in
603 1111 725 1168 tantm
746 1103 900 1169 insaniam
921 1104 1133 1190 procederent,
1160 1103 1206 1168 uti
1230 1125 1325 1189 super

169 1209 375 1297 Demiurgum
390 1208 523 1275 alterum
536 1209 719 1297 affingerent
734 1217 865 1296 patrem.
906 1209 951 1273 Et
965 1208 1035 1274 ideo
1049 1209 1183 1294 reliquos
1197 1207 1322 1293 quidem

168 1333 286 1392 omnes,
302 1313 537 1400 quibuscunque
555 1321 682 1399 propter
696 1311 977 1400 transgressionem
994 1317 1120 1376 ²eorum
1139 1313 1322 1378 eveniebant

168 1413 342 1502 languores,
358 1417 487 1480 curabat
505 1436 663 1481 sermone:
687 1415 800 1502 quibus
814 1421 847 1480 et
861 1414 998 1480 dicebat:
1023 1415 1103 1479 Ecce
1116 1417 1321 1501 marescotto
1331 1442 1380 1482 ros.
1390 1452 1410 1480 v.
1421 1448 1449 1484 u

169 1539 209 1594 cs,
225 1518 297 1601 jam
317 1518 381 1581 rwli
392 1539 533 1602 peccora,
556 1538 595 1581 oe
614 1516 691 1603 quid
703 1514 759 1580 tibi
773 1517 905 1581 delemus
916 1517 1000 1598 fict‚·
1022 1516 1225 1581 manifestans
1245 1537 1320 1602 quo-

168 1619 253 1684 niam
282 1629 407 1706 propter
435 1616 652 1684 inobedientiae
680 1627 844 1705 peccatum
872 1617 1030 1684 subsecuti
1056 1627 1130 1684 sunt
1155 1619 1321 1706 languores

168 1721 353 1787 hominibus.
399 1722 440 1786 Ei
455 1730 561 1787 autem
576 1723 629 1810 qui
644 1743 747 1788 caecus
764 1723 866 1787 fuerat
879 1745 900 1787 a
915 1722 1088 1800 nativitate,
1107 1723 1174 1808 jam
1189 1743 1251 1786 uon
1265 1742 1321 1806 per

168 1845 351 1902 sermonem,
371 1825 426 1889 sed
441 1847 497 1909 per
510 1825 720 1912 operationem
735 1825 883 1911 praestitit
897 1825 1010 1900 visum3
1034 1847 1096 1890 non
1111 1845 1199 1903 vane,
1220 1841 1321 1908 neque

168 1937 260 2012 prout
278 1927 379 1992 evenit
393 1929 453 1993 hoc
467 1928 593 2006 faciens,
615 1929 670 1993 sed
686 1939 722 1992 nt
742 1929 921 1993 ostenderet
935 1951 1061 1992 manum
1078 1928 1149 2004 Dei,
1165 1950 1234 1992 eam
1250 1949 1319 2014 quae

167 2033 208 2096 ab
227 2031 316 2098 initio
334 2030 498 2118 plasmavit
511 2029 677 2096 hominem.
723 2030 768 2096 Et
787 2039 951 2117 propterea
972 2031 1234 2116 interrogantibus
1248 2049 1319 2095 eurn

167 2133 334 2219 discipulis,
351 2155 413 2220 qua
426 2155 466 2198 ex
481 2156 575 2200 causa
589 2157 692 2200 caecus
705 2145 799 2198 natus
812 2143 907 2210 esset,
928 2143 1073 2198 utrumne
1087 2155 1144 2198 sua
1155 2155 1197 2198 an
1210 2155 1320 2219 paren·

167 2245 234 2300 tum
249 2237 361 2322 culpa!
381 2238 444 2302 ait:
467 2237 535 2301 Nee
544 2239 594 2300 lio
603 2238 751 2322 peccauit,
767 2258 859 2322 acque
867 2245 1013 2320 parma
1026 2235 1098 2319 ejus,
1113 2237 1167 2300 sed
1176 2246 1210 2300 ut
1221 2236 1317 2300 muat.
1331 2258 1380 2297 ssu
1390 2258 1448 2296 ona

158 2341 314 2422 sedunus·
338 2361 431 2426 opera
456 2339 519 2404 Dei
544 2341 578 2402 io
604 2341 677 2423 o'pso.
723 2337 827 2422 opera
854 2345 960 2400 autem
990 2337 1051 2401 Dei
1081 2336 1245 2420 plasmatio
1270 2347 1320 2402 est

167 2441 311 2507 hominis.
345 2441 439 2505 Hanc
450 2439 532 2504 enim
544 2444 616 2524 ⁸per
626 2439 835 2524 operationem
848 2437 931 2516 lecit,
945 2437 1204 2523 quemadmodum
1217 2439 1319 2525 Scrip

166 2554 238 2609 tura
251 2545 310 2609 ait:
327 2544 372 2608 El
384 2543 490 2608 meruit
501 2543 653 2607 Dominus
667 2543 773 2606 &maun
785 2542 822 2605 de
835 2551 929 2618 terro,
946 2551 975 2606 et
982 2541 1151 2626 plosozuoit
1161 2541 1318 2608 homiuem.
1332 2559 1383 2598 oen.
1392 2559 1413 2597 u.
1422 2560 1440 2603 v.

62 2677 146 2718 uara.
168 2649 364 2733 Quapropter
383 2655 416 2712 et
437 2645 593 2710 Dominus
610 2643 734 2729 exspuit
749 2644 782 2708 in
796 2652 922 2720 terram,
942 2652 976 2708 et
993 2642 1068 2708 fecit
1086 2642 1196 2720 lutum,
1219 2654 1252 2708 et
1267 2665 1317 2708 su-

166 2747 321 2834 perlinivit
341 2747 416 2812 illud
437 2746 535 2812 oculis
552 2745 720 2810 ostendeus
736 2745 896 2831 antiquam
916 2745 1152 2831 plasmationem
1173 2745 1320 2830 quemad·

166 2850 294 2914 modum
315 2851 399 2915 lacta
421 2858 480 2925 est,
502 2855 535 2914 et
558 2867 684 2911 manum
703 2847 764 2911 Dei
784 2847 987 2912 manifestans
1006 2847 1056 2911 his
1075 2846 1127 2932 qui
1149 2847 1320 2934 intelligere

166 2951 297 3038 possint,
315 2975 371 3040 per
394 2973 487 3040 quarn
505 2951 614 3017 elimo
637 2949 807 3036 plasmatus
829 2957 879 3015 est
901 2951 1007 3016 homo.
1051 2951 1142 3033 Quod
1164 2950 1247 3014 enim
1268 2951 1320 3015 ³in

166 3065 273 3121 ventre
297 3055 452 3142 plasmare
476 3053 675 3139 praetermisit
697 3054 810 3119 artifex
835 3052 988 3134 Verbum,
1015 3054 1074 3120 hcc
1100 3054 1133 3118 in
1155 3055 1319 3120 manifesto

165 3157 359 3245 adimplevit;
384 3157 429 3221 uti
449 3157 722 3221 manifestarentur
741 3179 836 3242 opera
855 3157 915 3222 Dei
933 3158 965 3220 in
983 3157 1061 3242 ipso,
1081 3179 1140 3222 nec
1156 3159 1223 3244 jam
1242 3157 1319 3222 alte-

166 3281 233 3324 ram
246 3259 472 3346 requireremus
486 3281 623 3336 manum,
644 3263 716 3345 ⁴per
735 3281 827 3346 quam
847 3259 1017 3346 plasmatus
1032 3268 1081 3325 est
1095 3257 1199 3335 homo,
1219 3283 1320 3348 neque

167 3363 298 3428 alterum
319 3371 455 3450 patrem:
478 3363 614 3429 scientes
636 3363 781 3448 quoniam
805 3385 875 3450 quae
898 3364 1061 3449 plasmavit
1084 3385 1141 3430 nos
1164 3365 1263 3445 initio,
1287 3375 1319 3431 et

168 3465 301 3552 plasmat
314 3468 347 3532 in
361 3475 467 3532 ventre
481 3487 592 3532 manus
608 3465 678 3545 Dei,
695 3467 762 3532 baec
776 3467 809 3531 in
824 3468 999 3533 novissimis
1013 3467 1205 3555 temporibus
1218 3469 1320 3554 perdi-

167 3579 218 3633 tos
232 3569 396 3656 exquisivit
414 3591 481 3648 uos,
497 3591 586 3635 suam
601 3569 812 3635 ⁵lucrilaciens
829 3579 863 3636 et
881 3591 975 3656 super
993 3571 1139 3636 humeros
1157 3593 1319 3636 assumens

168 3693 257 3736 ovem
270 3673 434 3757 perditum,
448 3682 481 3737 et
496 3695 568 3738 eum
582 3671 789 3760 gratulatione
808 3673 841 3737 iu
861 3674 1022 3738 cohortem
1037 3673 1206 3738 restituens
1221 3674 1304 3740 vitoe.

233 3778 264 3840 3.
311 3774 464 3855 Quoniam
486 3785 591 3842 autem
612 3777 645 3839 in
659 3784 766 3841 ventre
786 3776 921 3862 plasmat
943 3798 1001 3842 nos
1016 3775 1159 3841 Verbum
1181 3776 1251 3854 Dei,
1274 3777 1320 3842 ait

170 3875 359 3942 Hieremiae:
392 3876 584 3963 Primquma
598 3878 788 3964 perimerem
808 3887 836 3944 to
857 3879 892 3942 io
913 3887 998 3943 utero
1019 3879 1089 3944 uoci
1107 3889 1145 3956 te,
1168 3889 1196 3943 et
1211 3880 1319 3964 prius-
1331 3894 1424 3935 sord-⁵·

170 4001 264 4067 quam
286 3979 403 4044 restra
422 3979 460 4044 dc
484 3979 577 4045 caluo
605 3981 795 4063 saeuum
818 3989 855 4060 te,
879 3989 906 4046 et
918 3981 1098 4068 prophetam
1126 3981 1162 4046 io
1184 3981 1320 4067 pactibus

163 4085 256 4170 meai
270 4093 307 4149 te.
353 4083 434 4150 ⁰Sed
449 4091 482 4148 et
497 4083 615 4148 Paulus
633 4083 774 4151 similiter
791 4085 852 4150 ait:
879 4085 1008 4166 Quaado
1024 4096 1127 4152 autem
1141 4085 1320 4172 conplacuit
1333 4103 1398 4143 cuv.
1409 4103 1476 4151 uan-

220 4306 356 4368 ¹tudecut,
375 4307 429 4366 Gn,
447 4307 508 4369 Aa,
522 4306 612 4368 Voss,
630 4305 718 4358 Maso.
819 4307 830 4339 ⁴
842 4324 973 4372 pausam
983 4307 1088 4358 omitted
1099 4309 1125 4358 in
1136 4310 1179 4358 the
1191 4307 1291 4358 Cannu.

171 4401 211 4449 11,
224 4389 513 4439 butGaaaatctedcat.
820 4389 1011 4454 ‘lumyae'eaa
1035 4389 1158 4442 auem.
1196 4393 1319 4455 κερδήσας,

220 4468 232 4501 ¹
247 4471 343 4534 quidm
354 4471 462 4520 inamtcd
473 4472 526 4520 Aa.
773 4472 848 4532 τάξιν.

221 4549 232 4584 ⁸
249 4553 301 4601 Aa.
320 4553 394 4602 omits
407 4567 460 4615 per,
482 4550 531 4601 aad
546 4551 586 4600 ior
602 4549 630 4599 ia
645 4557 723 4601 mutae
822 4551 834 4588 θ
850 4553 906 4616 Ga,
916 4554 977 4616 Aa,
989 4553 1217 4615 Voss.,Vau.,but
1228 4553 1323 4603 Gaaaa

168 4633 299 4694 phuam,
312 4633 613 4697 ibamuapluouore,
771 4633 956 4699 medemur.
991 4635 1296 4686 sedomittedinthsca.

276 4738 350 4785 vou.
369 4740 403 4786 11.
1180 4724 1224 4787 23
