3270 5080
296 356 363 430 184
759 375 835 430 unx
860 375 981 429 numu

155 553 210 596 ΗΒ.
221 553 262 594 lv.

160 611 255 688 oitlu
751 619 852 688 cAP.
875 618 996 686 XXV.

135 785 286 870 22¹·-
301 780 427 882 Quoqc
439 777 535 877 fecit
557 777 661 852 Deus
684 775 874 866 tunicam,
900 790 933 852 et
955 789 1087 876 potres
1106 775 1221 876 clepit,
1246 789 1279 852 et
1305 801 1369 852 noc
1394 803 1452 852 co-

383 893 488 988 cacit,
516 906 550 969 et
566 891 658 994 quid
677 905 831 994 premat
848 919 893 969 ca
916 919 994 992 quo
1010 905 1060 969 cet
1076 893 1131 968 ad
1147 893 1272 970 Deum
1288 894 1449 986 seruitus,

382 1024 415 1086 ct
433 1035 548 1111 qtrarc
565 1009 650 1086 talis
667 1009 724 1086 lec
737 1010 873 1110 populo
891 1009 984 1085 doto
1001 1024 1060 1086 oct.

302 1183 427 1250 lomus
441 1181 540 1264 initio,
554 1203 618 1250 non
631 1183 720 1272 qussi
733 1183 877 1272 indigens
892 1181 980 1250 Deus
993 1183 1137 1265 hominis,
1152 1184 1317 1272 plssmevit
1331 1183 1448 1264 Adam,

300 1288 357 1352 sed
370 1295 407 1352 nt
417 1286 547 1353 heberet
561 1285 594 1350 in
609 1307 701 1372 quem
717 1285 953 1352 collocutorem
966 1286 1126 1352 beneficis.
1159 1287 1243 1352 'Non
1257 1286 1340 1353 enim
1351 1287 1452 1354 solum

300 1395 375 1454 ante
388 1389 506 1468 Adam,
521 1387 624 1454 sedet
637 1395 711 1454 ente
731 1409 856 1454 omnem
873 1387 1082 1454 conditionem
1098 1387 1292 1476 glorificabat
1307 1388 1450 1455 Verbum

302 1491 432 1558 Patrem
456 1513 558 1570 suurn,
584 1513 714 1557 manens
737 1491 770 1554 in
792 1512 851 1566 eo;
885 1499 919 1558 et
940 1491 1007 1578 ipse
1035 1513 1056 1556 e
1086 1491 1183 1557 Petro
1215 1491 1450 1570 clarificabatur,

137 1616 243 1658 rotatu
252 1617 270 1654 u
301 1594 561 1680 quemadmodum
575 1593 641 1680 ipse
655 1594 718 1660 eit:
741 1595 852 1674 Pater,
867 1593 1005 1678 chrmfioa
1024 1595 1235 1676 modicitate,
1255 1617 1347 1682 ptam
1360 1594 1454 1660 bulci

301 1697 408 1786 ‘opud
419 1707 448 1762 to
454 1699 639 1785 priusquam
654 1697 890 1779 muneraret.
918 1697 985 1762 Nec
999 1705 1106 1764 nostro
1121 1698 1293 1764 ministerio
1310 1698 1453 1785 indigens

298 1800 393 1889 jussit
415 1807 452 1866 ut
465 1817 538 1865 curn
560 1821 777 1885 sequeremur;
807 1799 864 1864 sed
883 1799 991 1866 ³nobis
1014 1799 1090 1886 ipsis
1113 1799 1287 1866 attribuens
1309 1799 1453 1865 ederem.

304 1902 399 1991 Sequi
414 1903 497 1968 enim
514 1901 715 1981 Salvetorem,
731 1901 915 1988 participare
937 1908 987 1968 est
1007 1902 1158 1968 salutem:
1182 1911 1215 1968 et
1233 1902 1321 1988 sequi
1338 1901 1452 1981 lumen,

302 2006 479 2093 ‘percipere
498 2013 548 2072 est
561 2003 676 2070 lumen.
720 2004 781 2088 Qui
794 2013 900 2071 eutem
923 2004 955 2070 in
970 2004 1085 2070 lumino
1099 2013 1183 2084 sunt,
1199 2027 1261 2071 non
1276 2004 1335 2092 ipsi
1348 2003 1453 2070 lumen

302 2107 487 2187 illuminent,
502 2107 558 2172 sed
579 2107 834 2173 illuminenturet
848 2107 1040 2173 illustrantur
1054 2109 1095 2173 ab
1117 2109 1173 2174 e'o:
1198 2107 1257 2194 ipsi
1279 2107 1403 2193 quidem
1424 2106 1453 2172 ei

302 2211 379 2276 nihil
407 2216 568 2298 praestsnt,
597 2209 780 2274 beneficium
815 2217 921 2275 autem
955 2210 1160 2296 percipientes
1196 2210 1407 2275 illuminantur
1434 2230 1455 2274 s

302 2313 427 2382 lumine.
465 2311 518 2378 Sic
532 2320 565 2376 et
579 2311 711 2377 servitus
725 2333 801 2400 ergo
815 2312 928 2392 Deum,
942 2311 1011 2378 Deo
1023 2313 1147 2400 quidem
1157 2312 1233 2376 nihil
1246 2319 1383 2399 praestct,
1397 2334 1455 2378 nec

303 2441 383 2504 opus
396 2425 446 2484 cst
460 2415 530 2482 Deo
544 2415 680 2480 humano
694 2415 861 2504 obsequio;
885 2417 952 2503 ipse
973 2424 1079 2481 cutem
1100 2417 1300 2504 sequentibus
1314 2423 1347 2480 et
1361 2416 1455 2480 servi-

303 2523 427 2589 entibus
444 2521 484 2600 ei,
501 2520 598 2586 vitam
619 2527 652 2587 et
669 2519 908 2607 incorruptelam
927 2529 960 2585 et
981 2520 1111 2607 gloriam
1132 2528 1281 2586 aeternem
1301 2518 1454 2598 attribuit,
1467 2541 1546 2584 oen.

302 2623 487 2691 beneficium
509 2631 662 2710 praestans
691 2623 895 2688 servientibus
923 2623 993 2702 sibi,
1015 2625 1056 2689 ob
1082 2623 1115 2688 id
1144 2624 1227 2710 quod
1254 2623 1401 2702 serviunt,
1423 2629 1457 2688 et

303 2727 513 2813 sequentibus,
525 2727 566 2792 ob
580 2727 613 2791 id
627 2727 710 2814 quod
723 2733 911 2812 sequuntur;
927 2727 983 2792 sed
996 2749 1060 2792 non
1073 2728 1258 2792 beneficium
1273 2727 1314 2792 ab
1328 2727 1374 2792 eis
1387 2747 1456 2813 per-

305 2829 441 2916 cipiens:
474 2836 525 2894 est
547 2829 631 2894 enim
652 2829 738 2894 dives
758 2829 913 2914 perlectus
936 2837 969 2894 et
991 2829 1059 2894 sine
1084 2829 1266 2916 indigentie.
1322 2831 1455 2916 Propter

305 2931 366 2996 hoo
376 2937 482 2995 sutem
496 2931 631 3015 exquirit
646 2929 735 2995 Deus
748 2931 789 2994 sb
804 2931 980 2995 hominibus
994 2929 1184 3010 servitutem,
1200 2939 1236 2994 ut
1251 2931 1396 3016 quoniam
1407 2939 1457 2996 est

306 3033 407 3096 bonus
421 3039 454 3096 et
467 3030 642 3097 misericors
655 3031 828 3096 benefaciet
842 3031 887 3096 eis
902 3031 955 3118 qui
967 3039 1164 3118 perseverent
1174 3032 1207 3096 in
1219 3030 1373 3097 servitute
1379 3033 1457 3118 ejus.

307 3133 348 3198 In
362 3141 513 3221 quantum
527 3133 610 3198 enim
625 3133 715 3198 Deus
736 3133 849 3198 nullius
867 3133 997 3222 indiget,
1021 3135 1055 3198 in
1075 3142 1200 3200 motum
1222 3133 1317 3201 homo
1339 3135 1460 3222 indiget
1472 3161 1502 3201 u.
1515 3157 1560 3196 ne

307 3237 370 3304 Dei
382 3237 609 3302 communione.
654 3235 736 3304 Haec
751 3237 835 3301 enim
848 3235 948 3325 glorio
962 3237 1106 3317 hominis,
1128 3259 1324 3325 perseverare
1338 3260 1376 3305 co
1390 3261 1460 3326 per·

307 3361 432 3404 munere
448 3339 480 3404 in
503 3339 566 3405 Dei
585 3339 742 3406 servitute.
781 3339 826 3405 Et
848 3348 975 3428 propter
996 3340 1056 3407 hoc
1073 3342 1197 3408 dioebet
1213 3341 1371 3429 discipulis
1392 3345 1458 3408 Do-

144 3463 278 3509 rmum
307 3443 430 3507 minus:
454 3441 529 3508 Noc
544 3464 594 3508 ooo
612 3441 890 3530 meropesque
911 3465 962 3532 epo
980 3443 1054 3532 clegi
1079 3466 1148 3519 ooo,-
1172 3443 1362 3533 significans,
1383 3467 1459 3531 quo-

307 3545 393 3611 nism
407 3565 470 3610 non
484 3544 543 3632 ipsi
562 3545 777 3632 glorificabant
791 3569 873 3626 eum,
891 3555 1058 3633 sequentes
1076 3569 1167 3622 eum3
1190 3548 1247 3614 sed
1268 3549 1301 3612 in
1321 3570 1359 3614 eo
1377 3548 1460 3633 quod

145 3678 195 3719 rou
205 3677 256 3718 zur.
265 3677 296 3716 οι
308 3653 511 3734 sequerentur
525 3646 643 3712 Filium
656 3647 729 3727 Dei,
744 3649 996 3737 glorificabantur
1009 3651 1050 3715 eb
1067 3671 1117 3715 eo.
1160 3649 1206 3715 Et
1228 3649 1356 3717 iterum:
1389 3651 1460 3715 Volo

310 3749 414 3818 tetuli
434 3773 485 3838 epo
502 3771 578 3830 nnn,
600 3749 645 3816 ili
664 3759 692 3816 ot
711 3751 745 3816 tt
766 3753 837 3832 rim,
863 3760 898 3817 ct
916 3751 1042 3817 mdeord
1058 3751 1229 3818 cleritatem
1254 3773 1374 3829 mecm·
1397 3775 1461 3819 non

310 3875 388 3920 vene
401 3853 537 3942 glorians
550 3873 643 3940 super
656 3852 727 3933 hoc,
742 3854 799 3918 sed
811 3853 942 3941 gloriam
955 3875 1045 3920 suern
1059 3854 1236 3941 participari
1251 3855 1356 3922 volens
1370 3855 1461 3922 disci-

148 3977 262 4019 turus
310 3957 478 4044 pnlissuis,
494 3956 661 4044 dequibus
679 3954 810 4023 Esaias:
833 3955 884 4021 Ab
900 3957 1014 4024 oriente
1027 3957 1182 4023 attraham
1199 3978 1297 4024 rernm
1317 3968 1413 4038 tcum,
1433 3968 1462 4026 et

360 4145 862 4198 ¹oomemttaremrtutomratnam-
910 4148 990 4208 twice,
1015 4147 1086 4210 apud
1106 4153 1128 4196 tc
1150 4145 1266 4207 «Μαῖα,
1291 4160 1364 4209 prom
1385 4145 1462 4196 hebui

312 4228 332 4274 it
342 4225 385 4276 boc
396 4227 452 4288 loco,
465 4227 709 4292 dalilisrequmtcr.
744 4227 810 4279 Frn.
910 4227 982 4292 opud
991 4234 1020 4278 tr.

363 4305 375 4337 ¹
390 4305 443 4355 The
453 4306 552 4357 Cursu.
560 4324 626 4373 copy
636 4309 657 4358 is
669 4308 743 4372 again
753 4313 781 4357 ot
791 4307 863 4369 fault,
958 4307 970 4342 ³
984 4308 1037 4358 'I'he
1056 4309 1100 4358 On.
1121 4308 1225 4372 reading
1242 4308 1264 4358 is
1280 4307 1417 4373 preferable
1434 4324 1461 4358 es

313 4389 364 4439 end
374 4389 566 4452 omitsopndtc,
575 4391 618 4440 the
629 4393 736 4456 position
746 4392 775 4442 oi
782 4391 864 4441 which
909 4389 985 4455 being
998 4406 1066 4440 more
1085 4395 1141 4440 true
1157 4396 1184 4440 to
1203 4391 1247 4440 the
1265 4395 1375 4440 context.
1409 4390 1462 4440 The

314 4469 428 4518 however
438 4469 464 4518 in
475 4471 518 4518 ths
529 4471 613 4520 &rech
627 4473 648 4521 is
664 4477 691 4520 ot
703 4473 747 4522 the
757 4473 822 4523 close
839 4473 869 4522 of
910 4473 1017 4522 Anum
1031 4472 1088 4521 MS.
1101 4473 1155 4534 hes,
1168 4472 1211 4522 red
1221 4479 1272 4523 ct..
1281 4473 1438 4525 Mribttcrct.

315 4549 432 4598 thetext.
466 4549 519 4598 Tho
539 4549 595 4615 Syr.
615 4551 724 4617 supplies
742 4553 785 4603 the
800 4557 865 4603 term
960 4552 972 4586 ⁴
987 4553 1316 4619 Gms,do.1rorticipore.
