3260 5082
280 386 347 452 388
553 401 595 454 IN
622 400 856 456 uulmsuuu
879 400 1155 456 SUBJEOTORUM

146 575 237 660 upv.
280 555 545 643 ergosecundum
563 555 843 635 inobedientium,l
851 577 921 642 quse
941 565 989 622 est
1009 578 1108 622 mors.
1132 555 1197 620 sive
1217 554 1301 640 quod
1322 553 1435 619 exinde

117 669 261 754 flffis
225 715 252 754 v
238 658 387 722 ¹¹¹traditi
401 658 475 736 sint,
491 667 523 722 et
537 659 611 724 teeti
627 660 690 724 sint
704 659 861 724 debitores
876 660 999 725 mortis·
1023 660 1088 724 sive
1106 657 1277 724 seeundum
1291 679 1388 721 unum
1403 665 1473 722 ete.
1481 673 1524 712 us

119 761 266 845 Q
281 761 413 825 eundem
437 761 559 838 diem,‘
550 783 583 825 m
605 784 666 849 quo
688 763 959 842 manducaverunt,
935 771 1017 828 tet
1035 763 1150 827 mortui
1172 770 1266 836 sunt;
1291 761 1438 847 quonium

281 885 344 928 uns
358 864 544 928 conditionis
564 865 649 930 diss:
673 865 737 930 sive
757 866 927 930 seeundum
948 867 1030 930 huno
1049 865 1196 930 oiroulum
1212 864 1342 941 dierum,
1364 863 1437 948 quis

282 966 315 1030 in
329 965 397 1050 ipsa
411 966 524 1029 mortui
543 967 667 1030 suntin
687 990 748 1052 qus
762 977 795 1033 et
815 969 1088 1045 manducaverunt,
1108 968 1168 1032 hoo
1182 976 1231 1032 est
1253 968 1436 1044 Purusosve,

282 1091 353 1154 quae
368 1069 481 1133 dieitur
497 1073 606 1134 ²cossus
620 1093 706 1156 puro,
726 1073 757 1135 id
772 1080 821 1137 est
836 1081 926 1136 sexte
945 1071 1031 1149 feris,
1050 1093 1143 1158 quam
1163 1079 1196 1136 et
1214 1070 1369 1135 Dominus
1388 1091 1438 1135 os·

282 1171 384 1236 tendit
407 1193 517 1256 pessus
541 1172 573 1234 in
595 1173 739 1238 est-sive
764 1175 936 1239 seeundum
961 1176 1044 1259 quod
1071 1197 1133 1239 non
1156 1175 1198 1238 sit
1219 1194 1437 1259 supergressus

283 1273 366 1336 mille
381 1294 489 1350 annos,
505 1273 560 1338 sed
575 1274 608 1337 iu
623 1275 698 1359 ipsis
719 1283 860 1340 mortuus
880 1277 941 1340 sit:
965 1275 1134 1340 seeundum
1153 1275 1259 1350 omnis
1276 1295 1351 1360 ergo
1366 1297 1436 1360 quse

283 1377 508 1461 significantur,
530 1377 619 1441 Deus
639 1379 763 1463 quidem
781 1401 896 1454 versx3
920 1379 1033 1444 mortui
1053 1379 1137 1444 enim
1155 1386 1240 1456 sunt,
1259 1377 1311 1462 qui
1330 1385 1436 1463 guste-

283 1488 393 1542 verunt
408 1479 447 1543 ds
461 1479 560 1564 ligno:
584 1501 712 1566 serpens
726 1488 831 1545 sutem
846 1481 979 1546 mendax
998 1489 1143 1546 ostensus
1158 1487 1254 1546 estet
1270 1479 1435 1557 homicida,

120 1607 169 1648 sou
181 1607 262 1647 suu
283 1581 365 1644 sieut
389 1579 543 1644 Dominus
561 1582 607 1647 sit
624 1583 663 1648 de
685 1605 737 1649 eo:
766 1583 916 1664 ῼιιοιιίαιη
934 1582 973 1648 ab
996 1585 1088 1650 iuitio
1108 1583 1260 1650 umatus
1279 1591 1330 1662 est,
1354 1591 1381 1646 et
1402 1583 1437 1648 iu

284 1683 412 1748 aarum
426 1704 484 1746 asu
498 1684 588 1750 stetit.

730 1994 831 2061 OAP.
854 1994 990 2062 XXIV.

283 2151 344 2228 De
364 2149 519 2227 Diaboli
534 2165 714 2252 perpetuo
737 2151 939 2245 mendacio,
957 2150 1196 2251 potestatibus
1218 2149 1348 2250 quibus
1374 2175 1438 2225 uos

356 2295 495 2368 parere
517 2282 663 2368 oportet,
691 2283 800 2368 atque
825 2268 996 2368 imperils
1021 2268 1182 2360 terrenis,
1210 2281 1386 2368 quatenus
1412 2293 1445 2366 a·

353 2383 435 2460 Deo
452 2413 525 2461 uou
540 2399 662 2461 autera
679 2413 705 2460 a
721 2387 880 2462 Diubob)
899 2385 1172 2461 constituantur.

286 2566 315 2630 1.
346 2565 448 2629 Stour
461 2587 535 2652 ergo
546 2564 583 2628 in
597 2565 746 2682 principio
759 2565 908 2630 mentitus
922 2573 981 2642 est,
995 2565 1039 2629 its
1050 2565 1106 2629 et
1097 2587 1128 2628 m
1143 2565 1205 2628 fine
1218 2565 1436 2643 mentiebatur,

125 2694 220 2734 ιιιιιι.
230 2665 406 2742 reticens:
423 2667 522 2730 ³Hoes
536 2669 638 2731 omnio
649 2669 726 2731 mibi
740 2669 860 2733 tradita
873 2678 953 2746 saut,
963 2678 991 2732 et
1002 2691 1051 2732 eus
1046 2667 1127 2731 uolo
1136 2669 1174 2732 do
1185 2689 1232 2733 ea
1270 2665 1342 2731 Non
1354 2666 1438 2730 enim

127 2741 178 2780 n.
125 2723 265 2844 m{,if1⁴''
292 2761 351 2847 ipse
363 2751 579 2832 determidsvit
592 2768 799 2854 hujussaeouli
814 2774 938 2856 ³regne,
951 2771 1008 2835 sed
1020 2769 1125 2834 Deus:
1143 2769 1237 2856 Repis
1251 2771 1329 2834 euim
1341 2770 1438 2834 soria

125 2805 190 2890 Ml·
198 2850 276 2888 'm
290 2887 378 2935 naua
392 2871 466 2936 Dei.
505 2869 549 2934 Et
564 2893 619 2955 per
634 2870 831 2937 Salomonem
849 2883 956 2936 sutem
969 2873 1015 2936 sit
1031 2871 1191 2936 Verbum:
1215 2871 1284 2936 Per
1298 2893 1439 2957 meropes

290 2983 422 3052 repeat,
437 2984 466 3038 st
479 2977 624 3060 ⁴poteutes
636 2983 733 3038 teneat
739 2973 906 3058 justitiam.
938 2975 1007 3038 Per
1020 2996 1067 3038 rue
1072 2996 1231 3060 praesopus
1245 2973 1438 3038 ⁴eaaltabuu·

289 3077 350 3146 tur,
362 3087 385 3140 st
395 3077 522 3160 tprauai
535 3081 607 3160 ⁶per
617 3099 663 3139 me
673 3085 800 3161 repoaat
811 3086 935 3142 terram.
968 3077 1012 3140 Et
1024 3077 1142 3141 Paulus
1150 3085 1254 3140 autem
1266 3075 1439 3162 Apostolus

127 3203 189 3244 uos
198 3203 242 3242 nu
253 3203 270 3242 1.
290 3169 387 3239 iuhoe
397 3178 497 3262 ipsum
508 3179 567 3242 sit:
585 3176 749 3242 “Omnibus
760 3179 953 3264 potestatibus
963 3177 1188 3243 sublimioribus
1201 3177 1324 3262 sub'eeti
1335 3191 1437 3245 estote:

291 3293 347 3338 uus
359 3289 396 3343 est
411 3283 631 3367 enimpotestas
644 3281 706 3345 uisi
719 3304 740 3345 u
756 3281 828 3346 Deo.
868 3281 943 3361 Quoe
957 3292 1058 3346 autem
1072 3291 1150 3360 suat,
1166 3305 1187 3347 a
1202 3283 1269 3347 Deo
1284 3283 1439 3369 disposita

128 3401 273 3442 uomens
291 3387 366 3444 suut.
402 3383 446 3447 Et
461 3385 573 3450 iterum
588 3385 627 3449 de
646 3384 722 3470 ipsis
743 3385 808 3449 sit:
832 3386 906 3450 Nou
926 3385 1007 3449 euim
1025 3385 1088 3449 siue
1107 3407 1201 3449 eausa
1213 3385 1355 3471 pladium
1363 3409 1438 3472 por-

265 3552 268 3558 ,
292 3486 355 3552 lab·
372 3483 432 3551 Dei
452 3490 532 3552 euim
551 3488 689 3552 minister
709 3496 759 3566 est,
778 3487 891 3551 eludes
910 3488 945 3551 iu
959 3487 1042 3551 iram
1063 3487 1092 3550 ei
1110 3487 1164 3572 qui
1183 3487 1264 3552 male
1281 3498 1438 3574 operatur.

294 3579 443 3660 Quoniam
456 3591 524 3655 haee
538 3599 643 3654 sutem
658 3611 721 3654 non
736 3589 774 3654 de
789 3589 953 3676 ⁷sngelieis
972 3589 1189 3674 potestatibus,
1207 3612 1265 3654 neo
1280 3590 1319 3654 de
1335 3589 1438 3655 invisi-

292 3681 400 3753 bilibus
418 3692 607 3779 prinoipibus
626 3691 716 3772 dixit,
740 3691 895 3779 quomodo
914 3691 1040 3777 quidem
1060 3691 1176 3756 nudent
1193 3714 1359 3778 exponere,
1382 3693 1439 3758 sed

129 3805 191 3846 ³0³1
203 3801 248 3842 ¹²¹t
259 3803 278 3843 ⁶·
293 3785 332 3848 de
350 3785 399 3850 his
416 3817 485 3880 quae
504 3805 578 3862 suut
598 3796 770 3862 seeundum
789 3795 931 3860 homines
950 3803 1132 3880 potestates,
1153 3795 1213 3860 sit:
1234 3797 1370 3882 Propter
1386 3797 1440 3862 boe

294 3889 374 3953 suisa
393 3911 419 3955 et
433 3899 548 3964 tributa
556 3901 726 3986 praetatis,
745 3900 880 3964 ministri
894 3899 974 3964 euim
988 3898 1051 3963 Dei
1063 3908 1141 3978 suat,
1158 3901 1192 3964 iu
1206 3899 1259 3964 ber
1273 3901 1373 3985 ursum
1387 3901 1438 3964 de·

291 3993 456 4063 semmei.
482 4001 554 4068 Hoe
565 4012 670 4068 eutem
681 4009 714 4068 et
727 4001 882 4067 Dominus
893 3999 1096 4080 confirmavit,
1108 4023 1171 4066 non
1181 4001 1299 4068 faciens
1313 4001 1438 4090 quidem

341 4172 417 4226 ¹Au
430 4181 499 4241 quat.
935 4181 1015 4233 οΑιι.
1029 4189 1209 4246 pausem

340 4252 512 4320 'mpura
548 4264 724 4327 cf.1.140‚5.
936 4261 1001 4313 ⁰As
1018 4265 1043 4313 in
1061 4265 1105 4312 the
1117 4263 1306 4323 Itslioversion,
1326 4261 1438 4312 followed

339 4331 417 4382 ’Aa
431 4339 503 4388 omits
513 4345 555 4393 the
566 4345 691 4394 textuum
701 4345 834 4409 Soripturs,
887 4344 940 4394 slso
950 4345 985 4410 by
992 4345 1130 4394 mmsis.
1166 4345 1223 4394 Still
1231 4345 1275 4394 the
1281 4345 1373 4394 sutbor
1380 4359 1439 4409 msy

224 4483 227 4490 γ
289 4415 339 4462 snd
350 4415 395 4462 bes
407 4431 511 4478 mptum.
887 4425 951 4474 here
967 4427 1060 4490 quoted
1076 4427 1119 4474 the
1133 4427 1214 4475 words
1230 4427 1257 4475 in
1272 4426 1356 4476 Greek
1368 4441 1396 4476 ss
1412 4426 1439 4474 iu

338 4493 417 4546 ‘Aa
442 4506 571 4558 saeuae.
611 4505 661 4556 Gn.
691 4507 835 4558 mlmmur.
887 4507 930 4556 the
940 4507 1051 4556 received
1062 4511 1125 4555 text.

289 4574 366 4626 MSS.
379 4592 406 4626 as
418 4577 503 4627 above.
936 4587 948 4621 ⁷
963 4589 1023 4650 An,
1038 4587 1126 4637 Mauo.
1140 4599 1159 4637 1.
1174 4587 1275 4650 aaut.
