3270 5080
581 402 764 457 sochusln
789 401 917 456 ΜΕΤΙΤ.
1246 388 1313 454 235

162 561 441 660 προφητευμίνων
472 562 588 648 ε’λθεῖν,
618 561 689 646 ἥτις
717 562 812 635 ἐστίν
844 567 862 646 ἦ
891 563 1058 664 παρουσία
1089 569 1153 638 τοῦ
1186 565 1314 665 Κυρίου
1347 577 1452 664 Hfflv·

161 723 290 744 ......
313 679 409 746 πᾶσα
442 673 511 774 γὰρ
544 677 738 774 προφητεία
774 675 843 776 πρὸ
879 685 938 760 τῆς
974 673 1140 765 ἐκβάσεως
1176 675 1312 770 αἴνιγμά
1352 671 1447 756 θξῖιίῖ·

160 785 235 857 ε’σπι
276 787 330 858 καί
375 787 555 879 ἀντιλογία
603 799 674 866 τοῖς
719 788 912 888 ἀνθρώποις·
964 785 1048 862 ὅταν
1095 788 1129 859 di
1171 790 1252 885 ἔλθη
1292 763 1463 862 ‹indii-ll

54 914 138 954 (ΜΦ
160 897 281 997 καιρὸς,
309 899 363 972 καί
395 900 512 994 ἀποβῇ
534 898 577 973 τὸ
603 901 843 1000 προφητευθὲν,
869 903 955 974 τότε
979 911 1037 985 τῆς
1063 880 1475 1000 ἀκριβεστάτης-.-

162 1010 321 1109 ε’πίπυχευ
350 1010 542 1106 ἐξηγήσεως.
595 1013 665 1084 Καί
693 1011 746 1084 διὰ
769 1019 875 1086 τοῦτο
897 1012 961 1085 ὑπὸ
981 1012 1143 1085 Ἰουδαίων
1160 1014 1218 1099 μὲν
1236 1015 1312 1086 ἄνα-

161 1127 398 1213 γινωσκόμενος
418 1127 436 1196 ὁ
455 1126 552 1209 νόμος
579 1126 612 1196 ε’ν
641 1133 693 1216 τῷ
718 1131 769 1197 νῦν
795 1129 906 1226 καιρῷ,
931 1127 1021 1218 μύθῳ
1047 1128 1157 1198 ἔοικεν·
1188 1128 1224 1198 οὗ
1242 1125 1311 1226 γὰρ

161 1234 276 1331 ἔχουσι
303 1239 363 1321 την
392 1235 549 1332 ἐξήγησιν
575 1243 641 1310 τῶν
669 1236 809 1324 πάντων,
837 1234 906 1322 ἥτις
931 1239 1025 1311 ἐστίν
1043 1243 1061 1322 ἧ
1080 1241 1153 1310 κατ’
1175 1238 1312 1338 οὐρανὸν

163 1350 205 1460 [l.
223 1350 295 1423 κατ’
327 1343 520 1454 ἄνθρωπον]
554 1352 722 1450 παρουσία
752 1357 815 1422 τοῦ
847 1355 915 1423 υἱοῦ
944 1357 1007 1424 τοῦ
1039 1351 1135 1422 Θεοῦ·
1182 1350 1247 1422 ὑπὸ
1276 1349 1311 1422 di

162 1467 379 1564 Χριστιανῶν
398 1463 708 1554 ἆναγινωσκόμενος,
729 1465 891 1564 θησαυρός
913 1464 997 1548 ἐστι,
1016 1465 1228 1563 κεκρυμμένος
1250 1461 1312 1548 μὲν

163 1579 196 1650 ἐν
216 1579 320 1676 ἆγρηῖ,
339 1576 448 1652 αὖποῖς
468 1571 510 1682 [l.
528 1570 683 1682 σταυρῷ]
705 1574 740 1647 di
759 1577 1076 1662 ἇποκεκαλυμμίνος.
1096 1630 1104 1646 .
1123 1629 1131 1646 .
1153 1629 1162 1646 .

163 1800 256 1864 quum
267 1776 492 1843 consummatio
501 1799 608 1843 eorum
622 1799 692 1864 quae
707 1777 936 1842 ¹consummato
949 1783 1022 1840 sunt
1036 1773 1164 1850 veniret,
1180 1795 1249 1861 quse
1263 1780 1313 1838 est

57 1903 91 1942 m.
102 1902 145 1942 ses.
162 1882 314 1948 adventus
332 1881 469 1947 (lhristil
511 1881 556 1946 Et
578 1889 703 1968 propter
720 1881 780 1947 hoe
797 1879 921 1945 Danieli
936 1880 1113 1966 ²pr0phetae
1131 1879 1311 1944 dicebatur:

162 1985 260 2048 Meet
280 2007 434 2063 εοιυυοιιεε,
454 1994 483 2050 et
501 1987 589 2071 εἰραα
609 1985 721 2050 librom
738 2006 829 2070 utque
847 1984 893 2048 od
907 1993 1022 2069 tempos
1041 1982 1311 2060 οοοευναιιιαιίοαιὲε,
1323 2000 1445 2094 ppos«

162 2088 354 2175 quoadusque
373 2089 492 2152 θὶεοαιιι
505 2089 604 2166 tutelli,
621 2098 648 2154 et
662 2088 871 2174 adimpleatur
885 2087 1010 2172 apetitio.
1044 2086 1088 2150 Iu
1102 2108 1134 2150 οο
1148 2087 1228 2150 euim
1245 2106 1313 2149 oum
1365 2077 1370 2089 '

156 2192 337 2274 ροηιοίοιυν
350 2192 505 2276 dispersio,
520 2199 689 2276 οοριιοεοοαι
701 2191 803 2254 omniu
817 2189 890 2254 Ιιαο.
928 2189 990 2253 Sed
1005 2196 1038 2254 et
1054 2187 1231 2253 Hieremias
1245 2187 1310 2252 ait:

163 2293 207 2357 Ιιι
220 2295 388 2359 αοαὶεειιοιῖε
402 2293 508 2358 diebus
523 2293 690 2380 itudlipett
704 2316 752 2359 eo.
787 2293 899 2358 Omnis
920 2293 1004 2357 enim
1025 2292 1197 2378 prophetis,
1213 2292 1312 2376 prius-
1325 2309 1434 2350 seeum
1443 2310 1473 2348 se

162 2416 256 2482 quum
271 2396 386 2463 hebeat
400 2397 554 2476 effectum,
576 2396 745 2482 {enigmata
759 2403 792 2460 et
805 2394 1025 2481 ambiguitates
1039 2403 1113 2460 sunt
1126 2393 1314 2458 hominibus.

164 2498 244 2564 Gum
263 2507 370 2564 sutem
389 2499 507 2565 venerit
524 2507 658 2583 tempus,
680 2506 713 2564 et
732 2497 889 2562 ‘evenerit
909 2496 993 2583 quod
1015 2497 1233 2581 prophetatum
1254 2503 1313 2574 est,

163 2608 240 2666 tune
265 2601 453 2686 ⁸prophetiae
478 2601 594 2666 hebent
615 2601 763 2686 liquidam
785 2608 818 2666 et
843 2609 961 2666 eertum
990 2599 1226 2686 expositionem.
1270 2599 1316 2664 Et

163 2709 290 2788 propter
303 2702 364 2766 hoo
378 2701 503 2789 quidem
515 2701 538 2766 J
540 2701 638 2766 udoeis
652 2723 723 2766 oum
737 2701 851 2788 legitur
867 2701 935 2766 Lex
947 2701 980 2765 in
994 2701 1054 2766 hoo
1068 2723 1151 2766 nune
1163 2709 1314 2786 tempore,

164 2805 276 2870 febulae
291 2805 402 2871 similis
415 2813 475 2870 est:
499 2805 659 2870 nonenim
673 2805 790 2870 habeut
806 2804 1033 2891 expositionem
1053 2803 1191 2869 omnium
1211 2825 1315 2868 rerum

163 2911 372 2996 pertinentem
389 2909 430 2974 ud
449 2909 617 2974 adventum
633 2908 706 2974 Filii
722 2908 794 2987 Dei,
816 2907 869 2993 qui
884 2915 933 2973 est
951 2907 1123 2972 seeundum
1139 2905 1312 2971 hominem:

164 3033 184 3077 s
199 3011 385 3078 Christianis
402 3034 474 3077 vero
494 3035 566 3077 oum
586 3011 708 3100 legitur,
729 3011 895 3077 thesaurus
913 3019 973 3088 εει,
988 3011 1159 3076 absconsum
1176 3009 1210 3073 in
1226 3031 1314 3096 egro,

164 3135 254 3178 oruee
268 3135 342 3178 vero
357 3112 474 3178 Christi
490 3113 644 3178 revelatus
662 3121 722 3191 est,
737 3124 770 3178 et
788 3112 1001 3198 ιειιριειυιιιυε,
1016 3121 1050 3176 ει
1068 3112 1172 3176 ditans
1189 3133 1316 3176 sensum

163 3215 335 3294 hominum,
359 3224 393 3282 et
416 3217 584 3282 ostendens
611 3216 797 3301 sapientium
823 3216 894 3295 Dei,
916 3223 951 3280 et
974 3237 1028 3282 εαε
1054 3237 1123 3302 quae
1145 3222 1220 3280 sunt
1241 3235 1316 3301 erga

164 3317 322 3383 hominem
338 3318 558 3405 dispositiones
577 3321 646 3408 ejus
664 3319 876 3398 manifestans,
898 3326 931 3383 et
951 3317 1068 3384 Ohn'sti
1087 3339 1219 3405 regnum
1239 3339 1316 3403 prae-

164 3421 312 3498 formans,
331 3428 364 3485 et
384 3420 601 3486 haereditatem
618 3428 735 3486 senotae
757 3419 955 3485 Hierusalem
974 3419 1263 3508 prseevungelisons‚
1282 3426 1316 3484 et

165 3523 390 3608 praenuntisns,
413 3523 561 3610 quoniam
578 3523 611 3586 in
632 3531 757 3588 tuntum
777 3523 871 3588 humo
891 3522 1023 3610 diligens
1043 3522 1146 3588 Deum
1163 3521 1314 3609 proficiet,

164 3633 201 3690 ut
224 3625 320 3690 etiem
342 3627 446 3692 videet
469 3627 584 3706 Deum,
607 3634 641 3692 et
663 3625 770 3692 audiet
792 3647 966 3691 sermonem
988 3626 1065 3712 ejus,
1086 3633 1120 3690 et
1144 3647 1185 3690 ex
1207 3624 1316 3689 auditu

164 3727 294 3814 loquelae
309 3729 378 3814 ejus
392 3728 425 3793 in
438 3737 562 3795 tentum
576 3729 752 3817 glorificari,
768 3728 814 3793 uti
829 3727 937 3815 reliqui
949 3728 1142 3815 nonpossint
1156 3727 1316 3792 intendere

166 3829 324 3895 infaciem
339 3830 446 3917 glories
461 3835 538 3918 ejus,
554 3833 813 3919 quemadmodum
826 3831 944 3897 dietum
963 3840 1012 3896 est
1027 3853 1047 3896 s
1062 3831 1213 3897 Daniele:
1240 3831 1315 3911 Θου·
1329 3863 1382 3904 σω.
1391 3863 1427 3902 xu.
1436 3863 1455 3902 s

166 3935 253 3998 uiam
267 3933 462 4020 ιἠιοιιιρεαιοε
468 3935 642 4022 secludunt,
656 3935 923 4022 4ηαοιιιαιιιαοιίυοι
940 3935 1274 4017 οιινὶιαεηινιυαοαιιιί,
1290 3947 1317 4002 ot

167 4059 189 4103 α
206 4035 311 4103 multis
322 4037 417 4122 justis
434 4039 512 4102 sieut
528 4038 621 4103 stelle
641 4039 676 4103 io
694 4037 815 4118 εοεουῖα,
831 4048 860 4103 et
879 4039 990 4105 autea.
1032 4039 1318 4122 Quemadmodum

216 4192 227 4224 ¹
244 4192 296 4242 For
312 4199 476 4242 οοαενιααιαια
492 4191 507 4242 1
524 4192 585 4242 offer
600 4193 644 4242 tte
660 4209 716 4243 oon·
766 4193 864 4242 αὀααια
874 4200 913 4254 αι,
927 4193 1007 4243 Lucu.
1020 4205 1057 4244 xv,
1073 4196 1110 4244 18.

163 4275 271 4340 jeetursl
282 4275 441 4324 emendation
452 4275 480 4324 of
488 4275 636 4326 αοηαιοηαια.
664 4277 718 4326 me
815 4273 828 4307 ¹
843 4275 894 4325 Au.
908 4276 982 4326 omits
989 4275 1119 4339 prophete.
1142 4275 1176 4327 ib.
1189 4277 1270 4328 euenit.

166 4357 275 4420 prsetiee
291 4357 320 4405 of
334 4357 422 4420 giving
438 4373 454 4406 u
469 4357 566 4421 passive
582 4357 648 4406 soree
660 4363 688 4406 to
702 4373 718 4408 α
816 4356 828 4390 ⁸
844 4358 895 4407 Au.
904 4357 1036 4421 ρνορίιαα,
1049 4357 1099 4406 und
1110 4359 1268 4421 αορίανιωιιε.

166 4437 291 4502 deponent
307 4439 367 4488 verb
384 4438 405 4487 is
421 4443 466 4487 not
481 4439 588 4488 unusual
599 4439 659 4488 with
673 4440 718 4489 the
816 4439 828 4471 ⁴
844 4440 895 4489 As
907 4447 935 4488 αι
946 4440 984 4488 lor
994 4439 1203 4502 quemamodum

167 4520 308 4580 tumulator,
321 4521 371 4570 und
382 4520 509 4570 οοαοίοιιοι·
518 4521 540 4570 is
549 4523 715 4584 προφητεύειν.
816 4521 828 4553 ⁸
844 4521 940 4572 (insul
957 4522 1080 4572 oonsldelu
1099 4523 1142 4572 the
1162 4528 1218 4573 text
1235 4524 1263 4572 oi
1277 4525 1320 4573 the

168 4599 717 4666 οι.Ιιιαυ1ιοοίυιυι·ιιπι,ειιαοιδιιηιιαοοα-
767 4602 896 4668 following
916 4608 1043 4654 wntenoes
1065 4609 1092 4654 ιο
1114 4606 1146 4654 be
1162 4607 1315 4669 uunuposed,

864 4717 866 4721 ·
1107 4695 1220 4759 15—e
