3270 5116
595 411 843 469 nnncnnnm.
965 389 969 394 ’
1231 399 1298 466 485

145 574 164 644 ὅ
191 571 225 644 δὲ
247 570 359 657 Ἀδὰμ
385 569 474 644 οῦδὲν
499 573 583 650 ὅλως
608 573 848 672 μαχεσάμενος,
875 575 893 660 ἢ
920 575 1103 671 άντιλίξας,
1134 582 1197 650 τοῦ
1220 609 1300 677 xop-

145 691 212 756 ποῦ
234 689 429 784 μετειλήφει
454 683 608 764 δοθέντος
631 686 724 788 παρά
749 696 807 772 τῆς
829 691 993 781 γυναικός·
1024 691 1108 788 ὅπερ
1130 689 1299 768 ἇσθενείας

145 803 328 876 παντελοῦς
356 799 409 868 καί
440 796 511 875 νοὸς
537 796 696 900 ἀνάνδρου
725 801 818 872 ἐστὶν
847 799 1025 896 ἀπόδειξις.
1070 801 1117 871 Ἡ
1143 799 1203 886 μὲν
1230 800 1299 900 γάρ

146 911 226 1002 γυνὴ
248 909 312 981 ind
338 907 490 994 δαίμονος
514 917 842 998 κατοπαλαισθεΐσα,
866 915 1070 1006 συγγνωστά]
1093 911 1252 1012 ῦπιίρχει·
1280 917 1299 986 ὁ

146 1020 182 1093 δὲ
201 1021 325 1107 Ἀδάμ,
349 1027 389 1100 ὡς
413 1021 478 1093 dmi
506 1024 655 1115 γυναικὸς
676 1026 829 1109 ἡττηθείς
855 1026 1096 1119 ιἰσιίγγνωστος
1121 1029 1229 1110 ἔσται,
1259 1032 1299 1105 ὥς

146 1136 418 1236 αῦτοπροσαίπως
435 1135 496 1217 τὴν
523 1137 660 1221 ε’ντολῆν
685 1137 784 1215 αι’κτδς
813 1135 877 1209 ind
903 1139 991 1210 θεοῦ
1013 1137 1250 1222 κομισάμενος·
1280 1144 1298 1222 ἦ

146 1246 206 1332 μὲν
232 1247 301 1348 γὰρ
322 1249 410 1340 γυνὴ,
433 1247 487 1317 καί
516 1251 594 1349 παρ’
622 1252 723 1324 αῦτοῦ
737 1248 851 1334 Ἀδάμ
876 1258 934 1333 τῆς
959 1253 1094 1334 ἐντολῆς
1116 1253 1297 1336 ιἰκοῦσασα,

147 1361 455 1460 εὐκαταφρονήτωςΙ
469 1357 617 1446 διέκειτο,
652 1360 670 1446 ἢ
697 1367 737 1440 cic
764 1363 809 1446 μὴ
836 1361 1015 1458 ιἰξιωθεΐσα
1043 1363 1104 1436 cdv
1134 1363 1220 1435 Θεὸν
1244 1365 1299 1435 καὶ

145 1475 252 1568 ταύτῃ
269 1481 426 1556 λαλῆσαι,
445 1469 469 1553 ά
482 1474 536 1544 καί
556 1479 596 1553 oio
614 1471 831 1576 διστάζοντα,
851 1476 929 1553 ἴσως
943 1477 996 1547 καί
1011 1475 1192 1578 νομίζουσα
1211 1477 1299 1548 nixo-

149 1589 203 1655 θεν
214 1584 276 1657 τὸν
288 1582 329 1692 [l.
341 1577 423 1688 τοῦ]
442 1582 556 1672 Ἀδάμ
574 1588 634 1671 τὴν
646 1588 783 1670 ἐντολὴν
798 1589 880 1682 αὐτῇ
894 1585 1037 1672 δοθῆναι.
1074 1588 1171 1688 Πρὸς
1183 1589 1299 1672 ἑαυτὴν

147 1695 339 1800 ἰδιάζουσαν
358 1705 483 1804 εῦρενό
511 1703 597 1800 ὄφις,
618 1701 670 1772 ἵνα
691 1699 806 1793 δυνηθῇ
824 1703 900 1772 κατ’
921 1699 1112 1796 ι’δίαναῦτῇ
1132 1733 1299 1801 προσομι-
1413 1715 1416 1720 ’

147 1817 260 1892 λῦσαι.
305 1814 513 1891 Ἐσθίουσαυ
530 1811 569 1884 δὲ’
587 1813 686 1896 atrio
710 1814 744 1884 ἐκ
764 1817 830 1884 τιῦν
849 1811 954 1908 ξύλων
972 1813 1055 1898 idion,
1075 1817 1299 1914 προσέβαλλε

146 1923 208 2005 τὴν
223 1926 353 2023 βρῶσιν
369 1937 433 2002 τοῦ
449 1931 558 2025 ξυλου,
577 1923 596 2009 ἢ
614 1927 658 2009 μὴ
678 1927 864 1997 ἐσθίουσαν.
902 1925 971 1997 Καί
990 1931 1018 1998 εί
1033 1928 1092 2011 μὲν
1110 1929 1296 2012 ἐσθίουσαν,

147 2034 326 2134 πρόδηλον,
353 2043 408 2114 ὅτι
431 2045 485 2115 καὶ
511 2045 545 2113 ἐν
571 2041 717 2138 φθαρτῷ
740 2039 871 2119 σάματι
901 2036 1012 2110 οῦσαν.
1056 2040 1135 2110 Πᾶν
1160 2039 1229 2138 γὰρ
1254 2039 1298 2112 τῦ

148 2151 192 2225 εἰς
227 2149 270 2222 τά
299 2154 415 2237 στόμα
450 2152 690 2255 εἰσερχόμενον,
720 2153 763 2226 είς
797 2147 973 2249 ἀφεδρῶνα
1001 2163 1110 2249 χωρεῖ.
1165 2151 1214 2223 Εἰ
1244 2151 1298 2224 οῦν
1404 2236 1406 2240 .

149 2264 299 2361 φθαρτά,
336 2265 506 2363 πρόδηλον
542 2266 596 2336 ὅτι
631 2263 684 2333 καί
722 2265 832 2345 θνητῆ.
880 2263 940 2333 Ἐἰ
969 2261 1004 2334 δὲ
1048 2266 1157 2347 θνητὴ,
1190 2265 1296 2336 οῦκέτι

147 2373 288 2474 κατάρα,
326 2375 398 2448 οῦδὲ
435 2380 612 2477 ἀπόφασις
646 2373 684 2458 ἦν
722 2375 830 2458 ἐκείνη,
863 2379 881 2457 ἧ
909 2376 1089 2474 φάσκουσα
1123 2375 1208 2475 πρὸς
1235 2377 1298 2449 τὸν

149 2484 323 2586 ἄνθρωπον
351 2491 443 2589 φωνὴ
469 2490 567 2572 Θεοῦ,
589 2482 644 2558 ὅτι
666 2493 710 2577 γῦ
734 2486 770 2571 εί,
794 2487 847 2556 καὶ
866 2489 909 2564 είς
929 2493 992 2578 γῆν
1017 2489 1192 2583 ἆπελειίσρ,
1211 2489 1297 2562 καθὰ

148 2599 217 2694 ἔχει
238 2604 256 2682 ἧ
280 2606 346 2674 τιῦν
364 2605 575 2700 πραγμάτων
599 2599 747 2682 ἆλῆθεια.
793 2597 843 2668 Εἰ
864 2597 898 2668 δὲ
923 2597 1029 2670 πάλιν
1046 2601 1101 2672 οῦκ
1123 2601 1299 2674 ἐσθίουσαν

149 2713 168 2781 ὁ
189 2713 267 2812 ὄφις
291 2714 351 2796 τὴν
372 2725 508 2807 γυναῖκα
531 2710 707 2796 ἐθεάσατο,
735 2715 802 2788 πῶς
826 2713 869 2788 εἷς
891 2712 1020 2810 βρῶσιν
1043 2718 1219 2806 μετήγαγε
1240 2716 1301 2798 τὴν

147 2945 250 3010 fructu
267 2947 420 3016 comedit:
452 2949 557 3013 Adam
576 2968 649 3014 vero
667 2941 751 3012 nnsso
770 2967 896 3030 prorsus
917 2945 997 3010 inito
1017 2945 1197 3024 certamine,
1217 2947 1300 3012 hand

147 3059 356 3135 repugnanter
372 3060 547 3136 porrectum
564 3071 585 3114 c
603 3048 731 3113 muliere
751 3048 885 3113 fructum
905 3047 1045 3134 occepit3
1069 3049 1153 3133 quod
1169 3071 1299 3114 summac

148 3149 369 3217 imbecillitatis
382 3160 415 3218 et
429 3151 525 3216 nnimi
544 3147 677 3216 imbellis
690 3157 909 3238 argumentum
928 3159 986 3216 cst.
1033 3151 1077 3214 Et
1091 3161 1175 3217 certe
1190 3152 1301 3218 mulier

147 3273 168 3316 c
182 3252 323 3318 daemone
337 3263 503 3339 prostrata,
518 3253 608 3318 venio
621 3251 716 3339 digna
730 3251 806 3326 fnit;
823 3251 908 3316 nulls
921 3273 993 3318 vcro
1007 3253 1119 3340 dignus
1131 3255 1247 3334 Adam,
1265 3263 1301 3320 ut

148 3354 201 3439 ‹pi
215 3376 236 3419 c
254 3355 381 3420 muliere
399 3363 563 3441 superatus
576 3353 628 3420 sit.
669 3353 807 3439 ipsemet
826 3353 909 3418 enim
923 3363 1113 3441 praeccptnm
1130 3377 1150 3420 c
1166 3355 1235 3422 Deo
1249 3379 1300 3422 ac·

148 3467 291 3542 ceperat:
314 3457 425 3523 mulier
444 3466 549 3522 nutem
565 3456 747 3522 mandatnm
766 3455 897 3520 audiens
911 3455 952 3520 nb
967 3457 1103 3536 Adcmo,
1122 3459 1298 3536 contemsit,

148 3558 196 3622 vei
211 3559 294 3644 quod
309 3559 470 3647 indignum
491 3558 662 3637 habuisset,
679 3559 763 3645 quod
788 3557 821 3622 in
838 3558 906 3644 ipso
923 3557 1100 3645 loqueretur
1118 3560 1227 3648 Deus23
1252 3559 1299 3626 vel

149 3661 233 3748 quod
248 3661 414 3740 dubitaret,
430 3662 526 3727 immo
540 3663 622 3728 sorte
637 3662 833 3728 existimaret
847 3661 971 3747 proprio
987 3663 1104 3728 Adsmi
1118 3675 1207 3728 motu
1221 3687 1299 3750 prae·

148 3772 273 3849 ceptum
298 3765 358 3830 sibi
385 3765 514 3852 imponi.
566 3765 731 3850 Quumque
752 3764 821 3830 coln
841 3786 981 3830 morsum
996 3775 1114 3852 ageret,
1132 3767 1214 3834 banc
1235 3763 1299 3833 εει-

147 3887 225 3952 pens
239 3865 366 3942 invenit,
382 3867 428 3930 ita
441 3876 476 3931 ut
490 3877 596 3952 posset
610 3865 753 3952 privatim
768 3887 840 3930 cum
855 3887 893 3930 ec
907 3866 1106 3935 confabulari.
1138 3869 1237 3934 Porro
1251 3870 1299 3934 vel

147 3990 166 4033 c
180 3967 334 4055 lignorum
347 3969 499 4033 fructibus
513 3969 727 4034 comedentem
741 3967 858 4046 videns,
873 3967 949 4055 ligni
966 3971 1080 4053 (vetite)
1096 3971 1231 4036 fructum
1245 3975 1299 4038 ob-

142 4071 231 4156 jecit,
247 4069 294 4135 vel
309 4092 372 4135 non
386 4071 611 4136 comedentem.
656 4069 701 4133 Et
719 4070 747 4134 si
762 4070 887 4155 quidem
902 4071 1128 4150 comedentem,
1145 4074 1228 4140 haud
1244 4077 1298 4141 du·

146 4173 231 4239 bium
254 4173 444 4259 quinetiam
463 4172 651 4258 corruptioni
674 4172 800 4238 obnoxii
819 4171 957 4257 corporis
979 4174 1180 4260 participem:
1206 4177 1452 4248 cumanam.

146 4278 228 4342 enim
242 4275 323 4363 qood
336 4277 370 4340 ιἰι
385 4297 417 4339 οι
429 4275 616 4361 ιὐρνοάὶιυν,
632 4275 667 4338 io
680 4295 822 4338 εοοοειιιυν
841 4273 917 4339 coit.
962 4275 996 4339 Si
1016 4297 1091 4362 crgo
1110 4281 1299 4366 corruptioni

146 4379 291 4456 obnoxia,
311 4378 511 4442 manifestum
529 4377 601 4462 quia
618 4384 652 4441 et
668 4376 770 4441 morti.
817 4377 852 4441 Si
867 4399 939 4453 vero
957 4379 1049 4443 morti
1069 4381 1213 4462 obnoxia,
1230 4386 1298 4470 jem

146 4505 209 4548 non
223 4481 407 4558 exsecratio,
422 4502 481 4546 nec
495 4478 651 4544 sententio
665 4487 732 4544 erat
746 4501 807 4544 vox
825 4479 877 4544 illc
897 4477 969 4557 Dei,
990 4502 1052 4566 qua
1065 4481 1145 4548 dixit
1159 4485 1296 4552 homini:

151 4585 250 4653 Τονεα
264 4607 302 4666 ει,
314 4595 343 4650 ετ
356 4585 392 4650 io
405 4595 521 4652 ιοναυν
534 4584 710 4655 νοοινιινίιι
726 4590 763 4648 nt
775 4603 811 4650 sc
824 4582 919 4648 babet
932 4584 1047 4650 sorites
1058 4601 1172 4652 rerum.
1200 4589 1297 4668 ¹Quod
1310 4608 1361 4648 αα.
1372 4607 1400 4646 n.
1411 4608 1439 4646 n
