3260 5082
525 471 783 526 nnannvnnna
807 467 953 525 annno.
1137 433 1140 438 ’
1245 448 1312 518 407

159 631 324 714 ἠθέτησαν
349 627 495 730 ἆριθμδν
516 635 579 703 τοῦ
605 631 777 715 ὀνόματος,
802 630 827 700 ν’
846 629 1018 728 ψήφισμα
1043 629 1234 728 ὑφελόντες,
1260 627 1314 698 καί
1357 637 1449 724 ΜΨ·

160 743 236 816 dart
255 748 322 816 τῶν
347 741 387 838 ἐξ
410 739 548 814 δεκάδων
573 741 651 827 μίαν
682 739 801 814 δεκάδα
830 742 1031 831 βουλόμενοι
1058 739 1149 812 εἶναι.
1179 737 1314 812 Ἀλλοι
1331 732 1421 818 ‘istst
1433 778 1460 818 v.

161 853 196 926 ‘ll
221 853 449 950 ἀνεξετάστως
478 861 602 928 τοῦτον
629 857 805 944 λαβόντες,
833 858 866 926 οἱ
893 851 953 937 μὲν
977 857 1092 931 ἁπλῶς
1121 853 1175 924 mr
1209 852 1316 924 mar.
1330 826 1478 912 -ἒ,

160 999 222 1067 ριος
256 967 485 1053 ἐπετήδευσαν·
524 971 557 1039 οἱ
588 965 623 1038 δέ
656 965 743 1040 κατὰ
773 965 1010 1065 ἀπειροκαλίαν
1042 967 1235 1048 ἐτόλμησαν
1261 965 1316 1036 καί

88 1089 92 1102 ’
162 1082 267 1165 ὄνομα
305 1080 478 1182 ιἰναζητεῖν
511 1081 591 1177 ἔχον
621 1078 684 1152 τδν
718 1079 932 1179 ἐσφαλμένον
967 1079 1022 1150 καί
1059 1077 1318 1178 διημαρτημένον

161 1193 312 1292 ἀριθμόν.
352 1191 469 1264 Ἀλλὰ
489 1203 561 1271 τοῖς
575 1191 635 1278 μέν
652 1195 766 1270 δπλῶς
785 1192 838 1264 καί
858 1188 982 1269 ἆκᾶκως
1000 1196 1106 1264 τοῦτο
1126 1194 1315 1274 ποιήσασιν,

162 1303 245 1384 είκδς
274 1307 328 1378 καί
360 1307 559 1400 συγγνώμην
589 1307 726 1377 ἔσεσθαι
757 1303 850 1403 παρὰ
879 1303 976 1375 θεοῦ.
1021 1301 1128 1374 Ὅσοι
1161 1299 1196 1374 δέ
1228 1299 1317 1375 κατὰ

161 1417 349 1513 κενοδοξίαν
366 1418 536 1520 ὁρίζουσιν
561 1419 712 1502 ὀνόματα
738 1415 1000 1516 διημαρτημένον
1022 1415 1165 1516 ἀριθμοῦ
1186 1445 1318 1500 νενομο-

162 1535 334 1616 τεθήσθαι,
354 1532 408 1602 καί
431 1530 475 1604 τδ
498 1529 551 1602 ὑπ’
572 1531 677 1602 αὐτῶν
699 1527 866 1612 ἐπινοηθέν
890 1529 993 1612 ὄνομα
1013 1526 1247 1630 ὁρίζονται...
1261 1529 1318 1600 ον’κ

163 1643 304 1715 ἀναίτιοι
334 1645 426 1718 οὗτοι
456 1641 696 1738 ἐξελεύσονται,
725 1643 775 1714 ἔτι
804 1642 857 1714 καί
885 1641 1010 1726 αὐτοὺς,
1035 1641 1089 1712 καί
1117 1641 1194 1719 τοὺς
1222 1642 1319 1724 ἐμπι-

163 1757 370 1834 στεύσαντας
398 1757 508 1834 ου’τοῖς
536 1753 818 1850 ἐξαπατήσαντες.
877 1753 948 1826 Καί
974 1759 1110 1854 πρῶτον
1133 1751 1193 1840 μέν
1217 1752 1317 1856 ζημία

163 1868 197 1938 ἐν
215 1875 265 1959 τῷ
284 1869 465 1965 ἀποτυχεῖν
485 1875 542 1951 τῆς
560 1868 722 1954 ἀληθείας,
742 1867 796 1938 καί
819 1864 864 1939 τί)
883 1867 928 1950 μή
948 1864 987 1938 δν
1006 1871 1046 1944 ὡς
1066 1863 1104 1938 δν
1123 1868 1317 1956 ὑπολαβεῖν·

164 1981 281 2053 ἔπειτα
307 1979 342 2052 δέ
364 1987 427 2054 τοῦ
444 1981 653 2080 προσθέντος
679 1977 697 2063 ή
726 1979 920 2080 ἀφελόντος
941 2011 976 2052 τι
999 1988 1057 2062 τῆς
1079 1986 1223 2080 γραφῆς,
1247 1980 1319 2050 ἐπι-

163 2095 276 2178 τιμίαν
306 2095 344 2165 οὖ
367 2094 427 2177 τήν
450 2099 619 2189 τυχοῦσαν
646 2094 792 2189 ἔχοντος,
819 2095 862 2169 είς
885 2092 985 2175 αὖτήν
1011 2093 1167 2176 ἐμπεσεῖν
1192 2089 1318 2184 ἀνάγκη

163 2205 224 2278 τδν
251 2211 417 2278 τοιοῦτον.
470 2205 759 2288 Ἐπακολουθήσει
790 2202 825 2276 δέ
854 2205 909 2275 καί
938 2206 1051 2303 ἔτερος
1076 2206 1139 2300 οὐχ
1164 2205 1183 2274 d
1208 2203 1319 2300 τυχιδν

164 2316 302 2396 κίνδυνος
319 2330 391 2396 τοῖς
409 2315 538 2416 ψευδῶς
556 2317 802 2417 προειληφόσιν
820 2315 936 2388 εἶδέναι
956 2314 1080 2388 τὸτοῦ
1098 2315 1320 2415 ἀντιχρίστου

163 2547 260 2605 mum,
282 2531 314 2590 et
334 2525 470 2589 medium
485 2524 669 2589 snutrantes
683 2545 845 2588 numerum
865 2523 1009 2602 nominis,
1025 2520 1249 2609 quinquaginta
1263 2543 1319 2588 nu·

163 2649 266 2692 meros
281 2627 480 2706 deducentes,
496 2648 552 2712 pro
571 2648 628 2692 aex
642 2625 784 2692 ²decadia
804 2647 899 2692 unam
918 2627 1067 2692 decadem
1081 2625 1220 2691 volentes
1238 2647 1318 2692 ease.

166 2729 258 2819 [Hoc
267 2739 373 2796 eutem
381 2729 516 2794 arbitror
524 2729 710 2816 scriptorum
724 2737 887 2818 peceatum
898 2729 1004 2809 luisse,
1019 2737 1055 2795 ut
1064 2729 1143 2795 solet
1154 2729 1231 2810 fieri,
1244 2751 1319 2816 quo·

164 2834 249 2898 niam
263 2841 296 2899 et
315 2855 370 2920 per
383 2831 489 2898 literae
503 2833 622 2898 numeri
642 2841 808 2919 ponuntur,
827 2833 917 2898 facile
936 2831 1058 2898 literam
1080 2833 1235 2912 Graecam,
1250 2855 1321 2919 quae

67 2975 148 3016 m,
164 2937 330 3026 sexaginta
346 2937 489 3003 enuntiat
510 2959 682 3014 numerum,
705 2937 738 3000 in
759 2936 825 3002 iota
844 2937 1025 3002 Graecorum
1042 2935 1165 3002 literam
1187 2941 1321 3024 8enpan-

165 3039 272 3126 oam3]
295 3047 368 3128 post
389 3038 500 3104 deinde
521 3038 646 3124 quidam
666 3038 734 3104 aine
749 3037 955 3124 exquisitione
967 3037 1026 3104 hoc
1040 3045 1245 3126 acceperunt;
1267 3037 1321 3103 alii

67 3177 144 3216 m
165 3144 290 3232 quidem
310 3141 493 3229 simpliciter
509 3150 542 3208 et
563 3141 690 3206 idiotice
709 3149 934 3228 usurpaverunt
955 3141 1116 3207 denarium
1136 3163 1318 3208 numerum:

165 3245 291 3332 quidam
305 3253 411 3313 autem
425 3267 481 3332 per
495 3243 702 3332 ignorantiam
716 3244 784 3309 ausi
799 3251 921 3309 suntet
938 3245 1065 3310 nomina
1078 3244 1250 3330 exquirere,
1265 3244 1321 3310 ha-

164 3350 271 3415 bentia
285 3349 397 3415 falsum
410 3349 522 3415 erroris
536 3367 708 3413 numerum.
744 3347 807 3412 Sed
821 3347 872 3412 hia
886 3347 1011 3434 quidem
1025 3347 1077 3433 qui
1092 3346 1274 3434 simpliciter
1287 3355 1320 3413 et

166 3451 233 3517 aine
247 3451 365 3518 malitia
385 3451 445 3518 hoo
465 3451 615 3530 lecerunt,
630 3449 817 3514 arbitramur
835 3449 958 3514 veniam
977 3449 1077 3514 daria
1097 3449 1178 3516 Deo.
1221 3451 1321 3533 Quot·

166 3562 242 3639 quot
255 3564 361 3622 autem
375 3556 546 3621 secundum
560 3555 684 3619 inanem
695 3552 826 3641 gloriam
836 3559 978 3618 statuunt
989 3553 1115 3618 nomina
1129 3553 1321 3620 continentia

165 3657 276 3722 falsum
294 3679 466 3735 numerum,
489 3665 522 3722 et
542 3657 625 3746 quod
645 3678 666 3722 a
684 3677 719 3722 ae
738 3655 832 3720 luerit
850 3653 1050 3720 adinventum
1069 3677 1192 3734 nomen,
1214 3655 1321 3720 defini-

167 3766 259 3824 erunt
279 3781 347 3825 eoae
368 3759 450 3824 illiua
471 3759 524 3845 qui
542 3767 690 3826 venturus
709 3767 777 3836 eot;
801 3780 864 3824 non
881 3759 949 3824 sine
972 3759 1085 3824 damno
1104 3758 1183 3824 talea
1204 3759 1321 3839 exient,

168 3861 280 3948 quippe
302 3861 354 3949 qui
374 3869 407 3926 et
428 3862 622 3949 semetipsos,
644 3871 677 3928 et
694 3861 857 3928 credentes
876 3860 936 3926 eibi
954 3861 1153 3928 seduxerunt.
1198 3861 1243 3928 Et
1260 3863 1322 3949 pri-

168 3987 254 4030 mum
274 3965 399 4049 quidem
419 3964 566 4030 damnum
588 3975 637 4032 est
658 3965 801 4031 excidere
818 3987 839 4030 a
852 3965 991 4042 veritate,
1013 3969 1063 4030 ⁴et
1083 3966 1165 4053 quod
1184 3987 1248 4032 non
1269 3967 1321 4047 ait,

169 4067 258 4154 quaai
271 4067 433 4132 arbitrari:
457 4075 530 4154 poet
544 4069 665 4148 deinde,
681 4067 850 4156 apponenti
869 4067 917 4133 vel
932 4068 1085 4134 auferenti
1102 4067 1142 4134 de
1163 4069 1323 4157 Scriptura

168 4193 294 4258 poenam
315 4193 378 4236 non
394 4171 547 4236 modicam
568 4172 643 4250 lore,
659 4173 692 4237 in
712 4193 806 4260 quam
821 4171 956 4238 incidere
975 4193 1103 4238 necesse
1117 4179 1167 4237 eet
1184 4194 1256 4238 eum
1271 4173 1323 4260 qui

168 4273 210 4340 ait
233 4271 314 4340 talis.
362 4273 575 4357 Subsequetur
596 4282 702 4340 autem
724 4282 758 4339 et
780 4273 865 4339 aliud
886 4293 950 4340 non
972 4273 1131 4360 quodlibet
1153 4275 1324 4361 periculum

218 4441 289 4491 ¹f.1.
303 4442 399 4503 drupdrr,
418 4439 488 4489 uallo
499 4439 647 4489 audacitate.
774 4439 890 4488 bracketd
918 4439 991 4488 mark
1013 4455 1046 4489 an
1068 4439 1168 4489 evident
1193 4439 1323 4504 interpola·

218 4521 230 4555 ¹
245 4523 263 4573 f.
275 4523 291 4574 l.
305 4521 425 4586 demutat,
438 4523 454 4573 i.
465 4539 485 4572 e.
499 4521 639 4572 decadibus.
774 4519 836 4570 tion.

219 4603 230 4638 ⁸
246 4605 284 4654 dc.
297 4602 319 4659 Ξ
328 4606 381 4653 into
390 4605 433 4654 EI.
469 4605 591 4668 Compare
599 4603 721 4663 Λατεΐνοε,
822 4602 834 4635 ⁴
850 4603 901 4652 AB.
913 4609 935 4652 ct
946 4603 1010 4668 quod
1020 4619 1069 4660 oon
1078 4601 1129 4652 sint
1139 4601 1236 4664 arbitri,
1248 4602 1266 4653 ί.
1274 4603 1291 4652 l.
1303 4609 1324 4651 d

170 4705 195 4754 p.
208 4701 265 4750 409,
281 4699 303 4747 3,
324 4685 374 4734 and
393 4687 517 4749 Χρεΐστος,
540 4683 593 4746 146,
612 4699 631 4734 r.
669 4685 722 4733 'I'ho
774 4684 837 4748 quod
845 4699 896 4734 noo
906 4684 945 4747 cit,
958 4685 991 4734 ait
1002 4685 1071 4749 quari
1081 4684 1210 4736 arbitrari.
