3276 5086
477 389 525 441 nr
550 389 677 443 srnrus
701 385 749 443 ar
775 391 1004 444 Pacensem.
1244 375 1310 446 277

160 541 264 607 Oolonr‘
278 564 347 610 ocro
362 563 430 608 eam
444 541 589 608 adram
602 543 720 625 filiurn,
744 542 890 609 dsbouat
906 545 993 610 intro
1007 567 1053 610 sc:
1069 545 1133 610 Hic
1148 555 1189 611 cat
1203 545 1310 624 dorm,
1347 565 1402 605 nn.
1414 565 1452 607 rv

1356 611 1435 652 ΜΗ

157 646 265 724 conde,
279 645 450 710 wamma
463 667 540 724 otoo,
555 654 583 709 ct
597 643 768 722 Mbedimus
780 645 1033 712 lareowas·
1002 669 1081 732 orca:
1104 657 1134 713 et
1146 649 1383 790 apprehen·
1352 659 1396 700 θλ
1406 660 1445 699 Ν·

157 852 343 918 minus
310 876 406 918 orrreoe
406 854 509 941 ,quid
519 855 623 938 ,obelet
640 852 750 918 aolosis
772 853 855 918 illis?
898 853 943 918 Et
957 855 1102 920 debeam
1118 855 1185 920 illi:
1207 856 1472 955 Mobsffi

157 957 237 1022 male
157 959 366 1043 mss,psrdot
372 970 405 1024 et
417 961 632 1024 vincomalum
647 957 754 1023 beabit
767 957 842 1023 oliab
855 959 966 1024 colosis
967 983 1041 1047 ,qao
1034 961 1410 1046 ‘mroddmtsnooal
1381 963 1456 1002 ’Μ’

158 1061 338 1147 temperabas
353 1063 427 1128 surb
470 1062 591 1128 Iterum
609 1061 685 1126 dicit
704 1061 856 1126 dominos:
880 1062 1052 1148 Nunquam
1070 1063 1191 1150 lopr'atr'a,
1212 1064 1312 1151 Lapi-
1325 1091 1393 1131 em
1394 1091 1432 1131 n.
1442 1093 1471 1138 a,

158 1163 226 1226 dam
240 1185 326 1249 quem
341 1186 430 1250 repro
431 1163 579 1230 docantat
595 1163 788 1246 oedflcactos
797 1163 962 1250 tofacea
975 1167 1046 1230 eo·
1031 1188 1066 1231 ao
1081 1177 1174 1253 caput
1184 1139 1354 1254 alpem*

158 1267 189 1328 A
207 1266 339 1330 Domino
359 1269 479 1352 ²faoms
496 1276 546 1344 est,
563 1275 592 1330 ct
611 1275 653 1330 est
672 1264 857 1331 moabita·
843 1288 879 1332 os
898 1267 992 1333 oculis
1016 1270 1134 1333 matrab
1177 1271 1314 1356 Propter

157 1367 241 1454 quod
252 1369 319 1433 dico
337 1368 425 1448 codis,
447 1369 591 1456 quoniam
610 1370 771 1453 aofhretur
784 1391 806 1433 o
820 1368 902 1434 ochis
915 1391 1040 1456 reprom
1054 1370 1127 1449 Dei,
1144 1381 1172 1436 ct
1186 1369 1314 1435 dabitur

156 1473 241 1558 posti
251 1473 387 1558 falsati
394 1474 524 1558 fractus
537 1473 609 1557 cy'ua
657 1473 720 1537 Per
739 1493 809 1558 quae
824 1473 962 1539 ostendit
976 1473 1140 1539 manifeste
1154 1473 1313 1560 discipulis

159 1575 226 1640 suis
249 1597 345 1640 unum
368 1577 492 1663 quidem
517 1584 550 1641 et
576 1575 707 1642 eundem
735 1576 999 1662 patremfamilias,
1025 1576 1086 1642 hoc
1114 1583 1174 1654 est,
1197 1580 1312 1641 ²unum

160 1679 265 1744 Deum
278 1679 417 1758 Patrem,
430 1679 482 1766 qui
496 1701 552 1765 per
565 1679 701 1765 seipsum
715 1678 820 1744 omnia
830 1679 933 1744 ²fecit:
950 1679 1052 1744 varios
1063 1701 1135 1744 vero
1148 1679 1311 1767 agricolas,

158 1784 309 1870 quosdam
333 1782 457 1870 quidem
480 1783 721 1848 contumeliosos
743 1791 777 1847 et
805 1783 957 1867 superbos
976 1791 1009 1847 et
1034 1782 1251 1860 infructuosos,
1278 1793 1312 1848 et

159 1885 288 1951 Domini
311 1885 544 1962 interfectores;
568 1885 719 1971 quosdam
743 1907 816 1950 vero
839 1906 911 1950 cum
936 1883 1022 1950 omni
1044 1885 1221 1950 obedientia
1242 1887 1311 1950 red-

158 1989 269 2054 dentes
287 1990 408 2054 fructus
424 1989 616 2074 temporibus
635 1988 719 2053 suis:
744 1997 777 2052 et
794 1987 927 2053 eundem
948 1988 1031 2052 hunc
1047 1989 1310 2074 patremfamilias,

40 2117 140 2163 asara
158 2093 324 2180 aliquando
350 2093 476 2179 quidem
502 2091 679 2157 mittentem
703 2113 818 2169 servos,
844 2091 1010 2177 aliquando
1038 2093 1163 2178 quidem
1195 2093 1311 2157 Filium

157 2219 259 2263 suum.
304 2199 336 2262 A
352 2219 414 2284 quo
429 2196 527 2283 igitur
542 2195 639 2260 Patre
654 2194 769 2258 missus
783 2201 833 2258 est
852 2193 955 2257 Filius
977 2194 1018 2258 ad
1037 2215 1092 2259 eos
1106 2194 1241 2272 colonos,
1257 2196 1310 2280 qui

157 2299 378 2366 interfecerunt
400 2321 483 2377 eum,
509 2299 551 2363 ab
576 2297 636 2362 hoc
662 2305 695 2362 et
718 2297 809 2362 servi.
855 2297 920 2361 Sed
946 2295 1046 2360 Filius
1071 2297 1195 2383 quidem
1221 2297 1309 2384 quasi

156 2423 177 2467 a
197 2403 294 2467 Patre
317 2401 445 2468 veniens
463 2399 626 2516 principali
651 2399 848 2477 auctoritate,
871 2397 1006 2463 dicebat:
1030 2399 1100 2484 Epo
1118 2409 1220 2464 autom
1243 2400 1311 2464 dico
1321 2425 1411 2521 poen
1392 2427 1451 2474 nm

156 2504 248 2569 codis.
294 2503 380 2569 Servi
406 2511 512 2569 autem
538 2502 628 2589 quasi
651 2523 672 2566 a
694 2500 831 2566 Domino
856 2499 1017 2581 serviliter,
1043 2509 1076 2566 et
1101 2509 1228 2588 propter
1251 2501 1352 2568 boc
1399 2478 1439 2514 ”

156 2607 316 2673 dicebant:
341 2607 419 2671 Hoec
432 2607 511 2671 dicit
524 2606 685 2670 Dominus.

223 2713 254 2774 2.
299 2709 398 2790 Quem
423 2709 519 2796 igitur
541 2707 585 2772 illi
610 2707 781 2772 Dominum
803 2706 1024 2793 praeconabant
1038 2707 1214 2786 incredulis,
1228 2707 1311 2776 hunc

157 2811 301 2878 (lbn'stus
315 2810 444 2876 tradidit
458 2811 508 2875 his
522 2810 575 2898 qui
591 2809 745 2876 obediunt
760 2809 822 2874 ⁸ei:
848 2818 881 2874 et
896 2809 948 2896 qui
959 2809 1087 2896 priores,
1102 2810 1167 2875 sive
1177 2810 1310 2895 primum

155 2935 212 2998 per
224 2913 366 2978 servilem
387 2911 635 3000 legisdationem,
650 2919 813 2976 vocaverat
836 2911 934 2990 Deus,
954 2911 1006 2976 hic
1029 2912 1225 2998 posteriores,
1245 2911 1310 2979 sive

153 3026 265 3103 postea
285 3039 342 3103 per
362 3015 573 3102 adoptionem,
593 3014 753 3080 assumsit.
798 3013 957 3079 Plantavit
976 3013 1059 3078 enim
1080 3014 1169 3079 Deus
1189 3014 1310 3080 vineam

154 3119 281 3184 humani
295 3119 429 3206 generis,
445 3118 545 3205 primo
559 3117 685 3205 quidem
700 3138 756 3202 per
769 3115 1007 3202 plasmationem
1030 3117 1122 3194 Adae,
1138 3125 1171 3181 et
1185 3117 1309 3184 electio-

154 3243 225 3287 nem
240 3230 382 3308 patrum:
406 3221 536 3286 tradidit
547 3229 656 3286 autem
672 3219 808 3284 ⁴colonis
822 3241 877 3304 per
894 3241 964 3282 eam
977 3219 1223 3306 legisdationem,
1238 3239 1308 3306 queo

154 3333 204 3390 est
224 3345 280 3410 per
302 3325 460 3410 Moysem:
493 3345 600 3410 sepem
621 3329 728 3387 autem
750 3321 965 3399 circumdedit,
987 3321 1019 3385 id
1046 3331 1105 3400 est,
1129 3322 1308 3388 circumter-

153 3427 283 3494 minavit
297 3450 404 3494 ecrum
419 3427 593 3502 cudturam3
617 3433 651 3490 et
665 3423 774 3489 turrim
788 3422 966 3499 aedificavit,
983 3421 1182 3488 Hierusalem
1196 3424 1306 3512 elegit:

153 3539 187 3596 et
200 3531 336 3596 torcular
350 3530 439 3609 fodit,
455 3527 685 3615 receptaculum
705 3524 877 3613 prophetici
897 3525 1033 3611 Spiritus
1051 3527 1252 3612 praeparavit:
1276 3533 1309 3592 et

153 3634 200 3700 sio
220 3635 386 3720 prophetas
405 3633 492 3697 misit
511 3641 680 3719 antequam
697 3639 783 3695 esset
804 3629 836 3693 in
855 3628 1047 3715 Babylonem
1064 3629 1307 3716 transmigratio,

153 3743 187 3800 et
201 3742 273 3818 post
287 3733 590 3819 transmigrationem
605 3732 683 3798 alios
701 3731 824 3808 iterum,
840 3729 944 3816 plures
963 3751 1057 3817 quam
1078 3729 1197 3815 priores
1215 3751 1308 3816 expe·

153 3843 258 3902 tentes
282 3835 412 3914 fructus,
438 3825 578 3899 dicentes
601 3835 680 3899 illis:
703 3833 799 3898 ⁶Hoeo
828 3833 907 3898 dicit
935 3833 1102 3898 Dominus:
1131 3833 1430 3900 Romularem

204 3965 215 3998 ¹
232 3966 341 4026 Curram,
350 3965 440 4026 Voss,
453 3964 500 4013 but
510 3965 618 4014 Asnam
632 3965 705 4014 onrits
753 3965 793 4012 for
804 3964 878 4024 αὐτῷ.

152 4064 215 4100 cam.
802 4044 878 4092 ⁴As.
891 4043 981 4092 inserts
992 4057 1053 4091 eum.

201 4129 213 4161 ¹
222 4128 316 4192 fodra,
336 4126 390 4188 Cra,
408 4127 498 4187 Voss,
517 4127 555 4176 Ib.
573 4125 703 4186 mirabilis,
802 4126 813 4157 ⁵
830 4126 890 4176 Hoeo
901 4125 960 4174 dicit
971 4124 1100 4184 Dominus,
1113 4124 1219 4173 omitted
1228 4125 1254 4174 in
1263 4126 1307 4176 the

152 4230 180 4262 aa
194 4213 246 4262 also
256 4213 373 4269 Auum,
387 4208 437 4258 aad
453 4209 514 4257 both
532 4207 647 4271 readings
663 4223 705 4256 arc
754 4207 864 4267 Cum,
877 4207 927 4255 aud
941 4205 1119 4270 consequently
1130 4205 1156 4253 in
1171 4206 1214 4254 the
1225 4205 1305 4256 Voss.

152 4294 269 4344 foundin
282 4293 325 4341 the
342 4290 383 4339 old
400 4290 459 4339 Ital.
475 4305 538 4340 vena
551 4307 559 4350 ;
573 4289 658 4337 Vnus.
677 4305 705 4337 aa
755 4289 822 4350 MS„
846 4290 893 4338 but
907 4289 950 4337 tbe
972 4288 1072 4337 Omra.
1095 4287 1245 4336 transcriber
1262 4289 1306 4337 has

153 4375 212 4435 Ga„
226 4373 323 4437 factum
341 4379 373 4422 ert
392 4370 465 4432 raud,
480 4377 501 4420 et
519 4377 551 4419 est
572 4369 704 4428 mindam
754 4373 874 4422 donabis
892 4371 962 4420 work
979 4387 1040 4435 very
1056 4370 1210 4434 negligently
1223 4371 1250 4418 in
1263 4371 1307 4419 the

152 4457 203 4504 Aa.
210 4455 327 4517 factuam
345 4454 383 4502 Ib.
396 4467 481 4514 unum,
489 4451 564 4514 facit.
753 4453 880 4516 following
895 4453 1034 4516 quotation,
1048 4452 1079 4499 bs
1095 4451 1178 4510 omits,
1196 4457 1217 4498 et
1232 4466 1307 4498 mores

201 4535 212 4567 ⁸
228 4535 258 4596 ei,
278 4537 349 4596 ΑΜ
371 4533 492 4584 absorbed
511 4535 546 4598 by
562 4541 591 4595 et,
613 4533 704 4583 caused
754 4543 845 4595 scaros,
859 4536 928 4594 then,
940 4533 1304 4596 odfrotrem...wousquiaqoe,

151 4617 198 4667 ridi
208 4623 235 4666 to
242 4618 273 4668 bs
282 4617 397 4678 inserted,
406 4616 461 4677 (lta,
469 4617 549 4666 Voss.
555 4635 562 4679 ;
573 4616 625 4667 Int.
639 4617 705 4678 αὐτῷ
754 4617 812 4677 and,
819 4615 1006 4678 jerejuroadm.
1015 4649 1021 4662 .
1029 4649 1034 4662 .
1043 4613 1131 4661 uestris.
