3334 5070
588 379 854 433 rnsrrmesrns
879 381 956 433 ner.
1286 362 1350 433 157

224 533 233 558 o
265 534 273 560 r
355 537 371 555 a
401 539 409 563 2
524 535 533 560 t
627 539 636 566 p
753 540 770 568 2
936 537 952 564 u
1128 535 1136 562 t
1309 535 1318 562 t

191 563 295 616 αυτην
322 568 370 624 τῳ
407 535 564 636 Αβρααμ
596 569 713 610 πιστιν
750 570 891 635 exorreo,
930 568 1069 637 αραντες
1097 569 1158 609 τον
1193 568 1348 637 σταυρον,
1366 547 1521 634 ἑξιῐῖξῇζ·

190 649 232 722 ὧς
259 647 314 717 καὶ
339 645 457 720 Ἰσαὰκ
482 647 528 722 τὰ
554 647 648 743 ξύλα,
678 651 1005 736 mahometum...
1377 639 1506 726 miidv'

1366 761 1514 772 ——

190 762 454 857 ....προθῦμας
483 760 544 834 τὸν
572 759 655 832 ἴδιον
683 771 845 854 μονογενῆ
871 763 925 834 καὶ
967 757 1164 852 Ῑἁγαπηϊὸν
1189 791 1349 860 παραχα·

187 871 298 967 privor
327 873 443 942 θυσίαν
473 881 523 964 τῷ
549 874 630 961 θεῷ,
661 875 714 945 ἵνα
743 876 796 946 καὶ
825 877 843 946 ὁ
874 869 958 949 Θεὸς·
983 871 1146 966 εὗδοκῆσῃ,
1175 871 1257 971 ὑπὲρ
1285 877 1350 944 τοῦ

188 983 393 1080 σπέρματος
419 986 522 1056 αὐτοῦ
549 981 674 1062 πάντας
702 985 764 1058 τὸν
792 984 875 1057 ’ἴδιον
904 993 1066 1076 μονογενῆ
1090 984 1144 1054 καὶ
1169 981 1349 1074 ἀγαπητὸν

189 1093 262 1164 υἱὸν
292 1096 408 1166 θυσίαν
434 1108 623 1196 παρασχεῖν
649 1101 692 1174 εἷς
720 1099 887 1197 λύτρωσιν
912 1098 1082 1195 ἡμετέραν.

186 1290 315 1374 pientes
333 1313 426 1377 quem
447 1293 557 1359 hebuit
576 1294 750 1374 Abrohom,
769 1293 914 1360 tollentes
935 1314 1069 1372 omoem,
1090 1291 1348 1378 quemadmodum
1365 1289 1504 1352 oasin«

185 1391 279 1477 ligne
302 1393 402 1470 Isaeo,
423 1395 581 1480 sequimur
600 1418 682 1462 eum.
722 1397 762 1460 In
782 1395 946 1462 Abraham
964 1394 1048 1460 enim
1067 1392 1297 1480 'praedidioerat
1315 1399 1349 1458 et

184 1501 337 1559 assuetus
366 1495 466 1562 fueret
494 1497 588 1562 homo
617 1499 705 1584 sequi
736 1498 877 1564 Verbum
910 1496 983 1561 Dei.
1027 1495 1157 1560 Etenim
1186 1493 1348 1558 Abrohom

183 1598 364 1662 seeundum
378 1599 471 1664 fidem
485 1621 575 1666 suom
594 1607 720 1664 secutus
735 1607 926 1685 praeceptum
939 1597 1024 1664 verbi
1040 1596 1111 1676 Dei,
1127 1616 1225 1682 prono
1243 1595 1348 1661 animo

183 1701 389 1787 unigenitum
403 1710 436 1766 et
450 1701 597 1766 dilectum
611 1701 708 1765 filium
723 1723 814 1766 suum
831 1700 986 1766 ooneessit
1003 1698 1189 1764 sacrificium
1205 1696 1290 1772 Deo;
1312 1705 1349 1763 ut
1364 1703 1495 1801 ξω

184 1811 220 1868 et
236 1803 328 1868 Deus
347 1803 575 1888 beneplacitum
593 1803 717 1881 hebeat,
738 1825 794 1889 pro
815 1803 959 1869 universo
977 1802 1095 1867 semine
1114 1802 1183 1888 ejus
1202 1800 1349 1866 dilectum

184 1912 220 1969 et
247 1904 442 1990 unigenitum
466 1903 563 1968 filium
586 1924 677 1968 suum
699 1912 848 1990 praestare
874 1903 1061 1970 sacrificium
1086 1903 1119 1966 in
1140 1911 1280 1969 nostram
1301 1925 1348 1968 re·

186 2007 393 2072 demtionem.

257 2112 288 2173 2.
334 2110 495 2195 Propheta
513 2132 587 2198 ergo
607 2132 679 2176 oum
693 2117 777 2177 esset
795 2111 967 2190 Abrohom,
986 2117 1019 2175 et
1037 2109 1156 2174 videret
1175 2108 1209 2173 in
1228 2109 1348 2195 Spiritu

185 2213 276 2277 diem
289 2212 441 2278 adventus
461 2214 599 2292 Domini,
615 2222 649 2280 et
663 2213 818 2299 passionis
834 2213 1078 2299 dispositionem,
1099 2233 1262 2298 perquem
1281 2212 1348 2297 ipse

186 2335 314 2400 quoque
336 2323 369 2379 et
390 2337 508 2392 omnes,
535 2315 599 2400 qui,
626 2315 770 2380 similiter
791 2322 827 2378 ut
853 2314 919 2399 ipse
946 2313 1086 2391 eredidit,
1114 2312 1245 2378 eredunt
1267 2313 1348 2389 Deo,

185 2415 303 2480 salvari
325 2415 508 2503 inciperent,
531 2417 682 2482 exultavit
704 2417 911 2481 vehementer.
951 2414 1025 2478 Non
1046 2411 1224 2499 incognitus
1253 2413 1349 2499 igitur

185 2527 259 2584 erat
280 2519 436 2584 Dominus
455 2520 604 2598 Abrehae,
625 2520 715 2603 enjus
734 2517 817 2582 diem
837 2516 1014 2600 concupivit
1028 2515 1148 2580 videre:
1173 2513 1229 2578 sed
1248 2535 1349 2598 neque

187 2622 290 2688 Peter
312 2623 460 2698 Domini;
485 2623 636 2688 didioerot
657 2621 740 2686 enim
761 2643 782 2684 a
797 2619 905 2684 Verbo
928 2617 1067 2694 Domini,
1091 2623 1124 2680 et
1145 2615 1276 2680 eredidit
1298 2616 1346 2680 ei:

187 2731 379 2810 quapropter
400 2731 433 2789 et
450 2724 634 2809 deputatum
655 2730 705 2788 est
729 2723 759 2787 ei
777 2722 818 2786 ed
836 2719 992 2808 justitiam
1013 2739 1034 2782 e
1059 2717 1206 2782 Domino.
1252 2717 1349 2784 Fides
1365 2739 1488 2781 onzes

187 2825 276 2890 enim
298 2829 388 2910 ⁸quae
417 2833 466 2891 est
488 2825 530 2890 ed
553 2825 658 2890 Deum
686 2837 698 2874 ⁴
700 2823 853 2911 justificat
877 2819 1054 2886 hominem:
1086 2826 1119 2884 et
1142 2826 1268 2905 propter
1288 2819 1349 2886 hoo

188 2927 337 2993 dioebnt:
361 2928 535 2993 Eoteodem
556 2949 680 2992 irionem
697 2949 795 2992 meam
814 2926 859 2990 od
871 2925 973 2990 Daton
987 2923 1175 3002 althoimom,
1191 2924 1245 3008 σαί
1263 2928 1348 2989 ὕοοα-
1365 2944 1508 2986 σιω.

187 3031 290 3096 stituit
304 3030 410 3095 cotom
425 3041 453 3096 at
467 3041 591 3096 terram.
638 3031 720 3096 Haeo
733 3037 839 3096 eutem
859 3027 965 3094 omnio
979 3034 1131 3092 conentur
1146 3033 1285 3092 evertere
1302 3027 1347 3091 ilii

189 3134 245 3220 qui
264 3141 339 3198 sunt
353 3132 443 3198 mnlae
460 3133 634 3211 sententiae,
649 3134 690 3199 ob
703 3154 800 3199 unum
815 3131 943 3210 dietum,
959 3127 1042 3214 quod
1057 3128 1182 3214 quidem
1195 3128 1280 3214 opud
1293 3149 1348 3196 eos

189 3257 255 3302 non
268 3238 348 3302 bene
362 3236 554 3303 intellectum
568 3244 627 3304 est.

241 3422 251 3454 ¹
269 3423 397 3484 ἀγαπητός
410 3424 431 3472 ie
446 3428 492 3474 not
502 3423 679 3490 unfreqnently
689 3439 743 3474 ren·
793 3425 836 3473 the
853 3425 928 3474 letter
945 3428 1008 3473 text.
1045 3421 1097 3486 mv
1113 3422 1134 3471 hr
1151 3426 1178 3472 to
1196 3423 1297 3486 nequire
1313 3422 1347 3486 by

191 3504 267 3554 dered
285 3505 319 3568 by
337 3505 380 3553 the
398 3503 486 3554 LXX.
511 3505 550 3553 for
572 3506 614 3554 the
636 3506 746 3555 Hebrew
793 3508 946 3570 generation,
960 3521 987 3554 ee
1000 3503 1207 3553 Evenemedher
1216 3505 1347 3553 first-born

191 3585 261 3656 Ἲᾙζ,
274 3587 408 3646 μονογενής,
426 3585 476 3634 and
489 3585 613 3635 therefore
626 3586 685 3636 does
700 3591 746 3636 not
796 3589 867 3649 Oain,
881 3587 920 3636 for
930 3587 974 3636 she
986 3587 1048 3648 said,
1061 3585 1137 3650 *nup
1148 3585 1167 3634 Ι
1174 3585 1234 3634 hove
1242 3591 1320 3647 poten
1330 3599 1348 3632 ο

191 3663 221 3713 of
228 3667 350 3731 necessity
361 3667 458 3731 requiro
472 3668 516 3716 the
530 3672 595 3716 term
613 3669 660 3718 olor
672 3673 700 3717 to
715 3669 746 3718 be
796 3686 856 3718 οιαα
869 3671 939 3733 from
957 3669 995 3718 the
1010 3669 1086 3729 Lord,
1107 3669 1170 3717 Gen.
1187 3667 1220 3715 iv.
1241 3681 1259 3714 r.
1293 3665 1347 3713 The

192 3747 329 3796 eonneotod
339 3748 401 3796 with
411 3748 432 3796 it
443 3752 470 3796 to
482 3749 608 3798 mnkeout
616 3750 742 3809 thesemo,
794 3751 903 3799 oreation
910 3750 938 3798 of
942 3750 984 3798 the
993 3745 1245 3809 worldisfrequently
1252 3745 1346 3808 spoken

191 3828 245 3877 Jer.
264 3829 297 3876 vi.
318 3827 357 3888 26,
376 3828 449 3877 Zeoh.
468 3829 511 3880 xii.
534 3844 571 3890 10,
591 3831 672 3878 where
688 3831 709 3878 it
725 3831 746 3877 ie
795 3831 824 3878 os
831 3845 858 3878 es
870 3845 885 3877 a
896 3829 1038 3892 generatim
1049 3831 1098 3887 oet,
1113 3826 1177 3875 Gen.
1190 3825 1215 3874 ii.
1229 3845 1252 3884 4,
1267 3825 1344 3874 Dent.

192 3909 293 3972 parallel
304 3911 366 3959 with
378 3911 532 3974 πρωτστόκῳ.
795 3907 872 3956 mii.
895 3907 932 3966 18,
954 3921 991 3970 19,
1011 3905 1054 3954 Pe.
1072 3921 1112 3954 xo.
1130 3918 1151 3964 ν,
1175 3903 1226 3952 Job
1242 3903 1345 3952 xxxviii.

239 3989 408 4054 ’προέμοθεη
423 3992 524 4042 chenu,
533 3993 708 4056 perdidim.
796 4001 835 4052 ²9,
851 3987 901 4036 end
920 3987 945 4034 in
963 3987 1013 4036 this
1031 4003 1102 4036 oense
1121 3987 1172 4048 nto
1191 3985 1273 4048 might
1288 3984 1346 4034 hem

241 4070 252 4103 ¹
268 4074 673 4135 mmmmmdinthovffls,
686 4073 743 4124 MS,
795 4083 868 4115 meon
887 4073 978 4122 creatu
993 4066 1040 4114 but
1054 4066 1108 4116 itie
1122 4066 1157 4130 hy
1167 4081 1200 4114 no
1213 4079 1298 4112 moeno
1315 4080 1347 4112 an

240 4152 745 4214 ⁴auss3imum‚0mitt0dinffiec1ffl‚
796 4145 1065 4210 equivalentfortm.
1100 4144 1349 4208 Itisnotimprobe·

192 4233 241 4282 ond
254 4234 304 4284 ΑΒ.
317 4234 405 4296 MSS,
418 4235 508 4285 ishere
520 4235 650 4284 ooneelled.
796 4228 843 4289 ble,
858 4229 979 4290 however,
993 4229 1050 4278 thet
1063 4229 1106 4278 the
1120 4233 1176 4278 true
1191 4225 1309 4290 meaning
1322 4226 1352 4275 oi

241 4313 358 4365 ³Lxx,
371 4317 396 4365 dr
410 4317 498 4365 ἔκτισε.
527 4315 581 4364 The
599 4315 748 4379 ineeeurooy
796 4311 839 4358 the
855 4313 919 4371 root,
934 4325 962 4358 ns
978 4309 1040 4358 ueed
1054 4310 1119 4370 hore,
1138 4309 1159 4358 ie
1175 4305 1306 4374 preserved
1322 4307 1348 4356 in

194 4395 605 4447 orrhsrmnmeonofrheveb
618 4397 748 4458 mones
795 4387 840 4436 the
850 4385 980 4452 AEthiopio
991 4387 1069 4460 ψξρ,
1082 4385 1263 4450 dominosve,
1272 4383 1349 4433 domi·

194 4476 427 4528 endotProv.viii.
443 4493 482 4540 on,
495 4479 710 4528 hnebeenehewn
722 4478 748 4528 in
796 4477 837 4528 nii
852 4477 911 4540 jore
927 4475 1043 4540 possedit.
1072 4477 1125 4526 'lhe
1143 4475 1243 4526 enoient
1260 4473 1349 4537 Coptio

196 4555 237 4605 the
256 4557 357 4607 oditor'e
375 4558 498 4610 Proeooio
514 4559 662 4610 Academico
679 4575 748 4626 upon
798 4575 876 4610 seems
895 4563 923 4610 to
938 4559 1004 4610 heve
1019 4558 1069 4608 hed
1085 4559 1129 4608 the
1144 4573 1213 4608 neme
1225 4555 1294 4606 word
1309 4553 1350 4606 for
