3270 5080
332 379 399 444 234
742 393 819 446 Lux
845 391 1072 462 estimavit,

191 569 295 655 effl-
331 555 425 635 Abel,
440 561 473 620 et
487 553 641 641 descripta
654 575 675 620 a
694 554 862 642 prophetis,
876 555 1015 642 perfecta
1031 576 1103 622 vero
1118 553 1151 620 in
1169 553 1346 621 novissimis
1363 563 1486 643 tempo-

169 661 313 750 ‘'figit-{3¹
331 660 417 724 ribus
431 659 464 723 in
480 657 564 722 Filio
578 657 651 723 Dei.
691 657 864 743 Oportebat
880 658 962 723 enim
977 659 1119 746 quaedam
1139 659 1264 744 quidem
1282 659 1487 746 praenuntiari

168 757 315 844 -¹¹'.'.²..
330 761 529 847 paternaliter
542 783 563 825 a
576 761 725 848 patribus,
746 761 888 847 quaedam
903 769 1008 826 autem
1023 761 1212 850 praefigurari
1226 762 1367 850 legaliter
1379 783 1399 826 a
1413 783 1486 848 pro-

187 849 190 858 *
330 864 443 950 phetis,
466 863 608 948 quaedam
630 885 702 928 vero
726 863 906 928 ¹desormmi
927 863 1097 928 secundum
1117 863 1332 928 formationem
1355 863 1482 942 Christi,

330 970 371 1033 ab
385 967 434 1032 his
453 967 505 1054 qni
517 967 714 1053 adoptionem
729 974 944 1052 perceperunt:
962 967 1067 1031 omnia
1080 989 1151 1032 vero
1170 967 1202 1030 in
1217 989 1279 1032 uno
1295 967 1364 1032 Deo
1378 975 1484 1032 osten-

331 1071 456 1137 duntur.
492 1071 571 1136 Cum
586 1070 667 1134 enim
685 1091 766 1134 unus
786 1077 869 1134 esset
883 1069 1055 1146 Abraham,
1077 1070 1110 1133 in
1123 1069 1291 1155 semetipso
1305 1069 1484 1154 praefigur&

331 1174 386 1239 bat
400 1175 462 1239 duo
481 1182 680 1251 testamenta,
702 1172 735 1236 in
749 1172 862 1258 quibus
875 1170 928 1235 alii
948 1171 1073 1258 quidem
1093 1171 1322 1237 seminaverunt
1341 1171 1394 1234 alii
1409 1192 1483 1234 veru

166 1304 290 1351 emmer.
331 1277 425 1342 messi
445 1284 537 1341 sunt:
561 1276 605 1339 Iu
626 1275 679 1339 boe
700 1275 789 1351 euim,
812 1274 921 1360 inquit,
941 1297 1036 1339 οονννο
1056 1284 1098 1364 est
1117 1297 1214 1352 υονυυ,
1237 1275 1380 1360 quonium
1401 1273 1484 1338 ader

332 1379 452 1466 quidem
467 1388 508 1443 eat
521 1379 576 1464 qui
589 1378 717 1442 νομίμου
730 1375 871 1462 populus,
888 1375 968 1442 altor
985 1378 1039 1464 qui
1053 1387 1157 1442 metet:
1176 1399 1257 1441 unus
1270 1385 1376 1441 autem
1394 1375 1484 1441 Deus

170 1503 223 1542 ns.
232 1505 260 1544 iv.
271 1507 300 1552 m.
332 1492 484 1568 prestans
498 1483 637 1568 utrisque
651 1503 721 1566 quae
733 1489 807 1545 sunt
820 1489 905 1566 apta,
920 1501 1028 1545 semen
1042 1481 1166 1567 quidem
1177 1479 1353 1558 seminanti,
1369 1501 1484 1566 panem

167 1551 299 1635 iidem
332 1607 404 1652 vero
418 1585 459 1649 ad
478 1584 632 1650 edendum
652 1582 793 1648 metenti.
832 1583 1100 1663 Quemadmodum
1119 1583 1198 1647 alter
1215 1583 1340 1669 quidem
1359 1583 1484 1669 estqui

168 1643 297 1688 mm
331 1688 462 1776 plantat,
484 1693 517 1751 et
540 1685 619 1750 alter
642 1685 694 1771 qui
715 1685 861 1771 adaquat,
882 1707 963 1749 unus
980 1695 1086 1750 autern
1107 1685 1160 1772 qui
1183 1685 1238 1750 dat
1257 1685 1483 1750 incrementum

332 1789 430 1856 Deus.
473 1787 761 1853 Diaseminaverunt
785 1787 868 1852 enim
889 1809 1064 1853 sermonem
1084 1789 1124 1854 de
1146 1789 1271 1854 Christo
1297 1789 1483 1874 patriarchae

331 1900 364 1958 et
382 1892 557 1978 propbctee;
586 1891 727 1955 demessa
746 1897 795 1955 est
810 1899 915 1954 autern
935 1889 1087 1970 Ecclesia,
1106 1891 1165 1956 boe
1185 1899 1244 1970 est,
1259 1891 1394 1956 fructum
1414 1913 1484 1976 per.

331 1994 424 2080 cepit.
472 1995 607 2080 Propter
630 1993 691 2058 hoc
720 2001 752 2057 et
780 1993 840 2078 ipsi
866 2001 957 2058 orant
980 1993 1095 2059 habere
1117 1994 1351 2060 tabernaculum
1374 1995 1406 2058 in
1432 2017 1482 2075 ea,

166 2118 274 2158 ruma
332 2096 494 2162 Hieremia
512 2097 653 2162 dicente:
680 2096 754 2176 Quia
768 2096 854 2161 dubit
872 2097 948 2161 mihi
967 2099 1002 2161 iu
1016 2097 1131 2162 deserto
1149 2097 1364 2162 habitationem
1383 2099 1482 2162 mois-

167 2218 216 2259 ron.
226 2219 292 2260 usa
330 2201 455 2266 umam:
477 2199 524 2264 uti
539 2209 571 2264 et
586 2199 638 2286 qui
653 2200 786 2264 seminat
801 2200 901 2288 etqui
917 2201 1008 2264 metit
1028 2201 1119 2265 simul
1137 2201 1294 2289 gaudeant
1311 2201 1344 2264 in
1362 2201 1482 2266 Christi

329 2325 436 2390 regno,
457 2302 510 2390 qui
528 2303 672 2368 omnibus
691 2301 791 2380 adest,
810 2303 850 2368 de
869 2303 981 2390 quibus
998 2305 1039 2369 ab
1058 2303 1147 2368 initio
1166 2305 1245 2368 bene
1263 2304 1361 2368 sensit
1381 2303 1482 2384 Deus,

329 2407 504 2472 attribuens
518 2405 627 2472 adesse
642 2407 687 2472 eis
703 2405 845 2471 Verbum
860 2427 961 2472 suurn.
999 2405 1033 2471 Si
1048 2405 1117 2492 quis
1134 2407 1230 2494 igitur
1243 2407 1382 2472 intentus
1396 2407 1483 2494 legat

330 2508 517 2595 Scripturas,
533 2509 669 2574 inveniet
689 2509 721 2574 in
743 2508 853 2575 iisdem
872 2507 912 2574 de
932 2508 1057 2575 christo
1075 2529 1259 2589 sermonem,
1278 2517 1311 2574 et
1326 2531 1413 2575 norae
1428 2531 1483 2575 vo·

328 2613 461 2678 cationis
472 2613 765 2702 praefigurationem.

806 2811 909 2878 OAP.
933 2813 1011 2879 XL.

333 2943 434 3035 Quid
462 2961 511 3022 est
540 2947 729 3022 thesaurus
758 2945 988 3022 absconditus
1017 2947 1058 3024 iu
1085 2975 1184 3047 apro,
1217 2963 1250 3026 et
1279 2949 1376 3050 quod
1404 2951 1484 3026 sola

585 3063 756 3138 Ecclesia
771 3077 865 3139 recte
882 3065 977 3164 leput
993 3065 1221 3166 Scripturas.

166 3225 316 3320 ffi‘ssssflm’
411 3237 441 3285 Ι.
480 3216 707 3289 ΧΡΙΣΤΟΣ
727 3219 856 3293 ἐστινὸ
878 3221 1039 3322 θησαυρὸς
1058 3227 1076 3295 ὁ
1093 3227 1304 3324 κεκρυμμένος
1323 3227 1355 3298 ἔν
1374 3225 1481 3324 ἆγρῷ,

163 3318 315 3404 tillidi.
330 3329 510 3400 recteest
526 3383 763 3402 .........
788 3331 911 3434 (ἀγρὸς
944 3333 1012 3435 γὰρ
1043 3339 1062 3407 ὁ
1094 3337 1234 3438 κόσμος)
1268 3341 1482 3438 κεκρυμμένος

166 3407 309 3450 P⁰⁸¹¹²⁰⁸d¹h
354 3438 361 3466 r
564 3441 580 3470 εν
690 3441 699 3468 a
769 3447 778 3473 ν
921 3447 930 3475 a
1135 3455 1151 3472 a
1210 3453 1218 3476 a
1314 3453 1323 3480 ν
1467 3453 1477 3480 a

330 3438 365 3510 de
385 3493 539 3512 ......
561 3473 615 3515 οτι
652 3441 704 3515 dia
736 3477 847 3518 τυπων
877 3479 931 3518 και
963 3451 1171 3548 παραβολων
1202 3483 1407 3537 εσημοινετο,
1436 3485 1483 3537 μη

329 3549 506 3638 δυναμένων
545 3560 719 3640 νοηθῆναι3
739 3611 913 3630 .......
934 3559 1002 3660 rrpd
1038 3568 1101 3635 τοῦ
1135 3563 1196 3646 τὴν
1238 3563 1378 3652 ἔκβασιν
1415 3570 1483 3638 τῶν

164 3739 315 3783 umerum
394 3729 425 3793 l.
467 3726 536 3791 Hrc
555 3735 605 3794 est
622 3729 705 3794 enim
725 3730 890 3796 thesaurus
909 3733 1080 3798 absconsus
1100 3733 1132 3798 in
1147 3755 1233 3821 agro,
1250 3735 1356 3814 idest,
1371 3736 1483 3802 inisto

165 3843 313 3887 umnam
327 3829 462 3894 mundo:
488 3831 590 3916 (Aper
611 3831 694 3896 enim
716 3833 848 3898 muudus
871 3836 938 3916 est)
964 3836 1135 3901 absconsus
1155 3859 1228 3902 vero
1255 3839 1288 3902 in
1313 3837 1483 3923 Scripturis

325 3933 508 3998 ⁴thesaurus
520 3934 674 4014 Christus,
685 3937 831 4022 quoniam
846 3959 901 4024 per
911 3947 1003 4026 typos
1018 3948 1050 4005 et
1064 3941 1226 4025 parabolas
1237 3941 1481 4029 significabatur,

325 4035 426 4100 ⁸unde
450 4044 573 4121 poterat
593 4037 653 4104 hoo
676 4039 759 4126 quod
782 4041 954 4106 secundum
975 4043 1133 4108 hominem
1151 4053 1200 4109 est
1221 4045 1362 4133 intelligi,
1383 4047 1483 4133 prius-

374 4171 440 4223 10f.
453 4190 478 4238 p.
494 4187 548 4239 τοο,
562 4187 586 4237 5.
930 4179 1110 4231 Gaasnaltms
1122 4183 1230 4232 thefirst
1239 4183 1484 4234 Catenatomitthe

374 4252 454 4303 'The
471 4255 567 4305 Calena
583 4257 612 4306 ol
626 4257 787 4319 cosumus,
807 4261 879 4310 attri-
929 4263 1152 4323 sense3Massu1u
1159 4265 1481 4326 laaresablank,asabore.

324 4335 402 4383 buted
423 4340 451 4384 to
474 4335 602 4398 Nlottuart,
625 4339 670 4388 baa
692 4341 805 4390 τουτέστι
827 4343 879 4394 τοῖς
978 4343 1059 4395 ’Ine
1072 4346 1168 4394 τὸκατ’
1181 4348 1314 4410 ἄνθρωπον.

325 4417 439 4477 γραφαῖς,
459 4417 511 4466 ταῖς
523 4418 547 4466 ἐν
558 4419 594 4477 τῷ
608 4419 689 4480 κόσμῳ
704 4423 799 4482 odram
821 4423 879 4471 that
978 4423 989 4455 ⁴
1005 4427 1057 4474 Aa.
1071 4425 1146 4475 omits
1158 4425 1284 4476 ιΙιονουτιιτ
1296 4427 1415 4480 etnam.

326 4496 354 4543 ci
362 4497 468 4555 Possm,
480 4498 597 4559 θησαυρὸν
607 4501 764 4562 κεκρυμμένον
775 4504 800 4551 ἐν
811 4497 880 4565 ἀγροῦ
976 4503 987 4536 ⁸
1001 4505 1075 4554 Uada.
1110 4505 1163 4554 The
1174 4507 1375 4559 uamhtorread
1384 4510 1419 4569 ub
1431 4509 1482 4560 ἑδῦ·

327 4582 388 4636 φησι
396 4577 439 4624 τὰς
448 4577 516 4637 ἐντθ
522 4577 603 4638 κόσμῳ
610 4579 765 4640 ὑπαρχούσας
770 4585 875 4645 γραφάς.
927 4603 1028 4646 νατο...;
1041 4587 1126 4636 Mass.
1140 4587 1229 4636 inserta
1240 4603 1296 4639 aon.
