3334 5070
324 335 389 398 166
719 318 883 401 annnam
907 348 1081 402 neumas

155 519 307 606 (affluar.
324 496 422 561 boam
436 519 533 577 aaa,
556 498 604 562 aab
621 500 742 562 aarum
760 519 820 562 aaa
843 499 939 577 solbit,
960 509 987 563 at
1012 499 1107 577 ducit,
1132 507 1160 563 a
1184 496 1348 584 adaquat?
1385 496 1478 559 Hane
1492 509 1572 548 &³⁰⁵-

169 611 295 698 Mffi·21v·
323 610 432 678 autem,
455 623 523 665 cam
543 602 583 666 sit
595 601 670 682 fib'a
689 600 835 680 Abrabae,
858 624 950 688 qaam
970 602 1156 687 altipaoarat
1174 602 1309 665 damnas
1330 599 1429 664 dacem
1450 608 1478 662 at

323 713 383 768 octo
399 707 498 783 annis,
517 727 576 769 non
596 713 770 790 oportuerat
784 705 859 770 salai
877 703 915 768 ab
935 705 988 768 tac
1007 705 1125 768 circata
1144 706 1178 768 in
1194 705 1245 768 aa
1263 700 1475 767 sabbatorum?

325 807 532 873 Manifestum
545 817 594 874 est
609 808 712 896 igitur,
729 808 875 893 quoniam
887 829 941 872 eos
957 807 1010 894 qui
1024 807 1165 872 similiter
1184 813 1220 871 ut
1234 805 1397 870 Abraham
1411 825 1477 868 cre-

321 911 436 974 debant
450 911 490 988 ei,
506 911 608 990 solvit,
620 919 653 974 et
665 911 839 990 vivificavit,
852 911 928 974 nihil
942 919 1033 976 extra
1046 909 1164 996 Legem
1177 909 1303 986 faciens,
1316 929 1428 972 cursus
1443 907 1475 970 in

320 1012 370 1076 die
389 1013 600 1078 sabbatorum.
646 1013 718 1078 Non
733 1013 816 1076 enim
836 1013 1020 1097 prohibebat
1040 1013 1108 1076 Lex
1125 1011 1226 1076 curari
1243 1010 1385 1074 homines
1404 1010 1475 1074 sab

321 1114 413 1193 batis,
431 1136 499 1201 quae
515 1121 548 1179 et
562 1114 805 1179 circumcidebat
819 1135 874 1179 eos
888 1115 921 1178 in
939 1114 998 1178 hac
1015 1113 1075 1193 dia,
1096 1121 1129 1178 et
1143 1135 1199 1198 pro
1216 1112 1329 1199 populo
1344 1112 1474 1196 jubebat

320 1217 491 1281 ministeria
516 1217 728 1282 sacerdotibus
756 1217 923 1302 perficere;
962 1217 1017 1281 sed
1045 1225 1078 1281 et
1110 1223 1266 1281 mutorum
1295 1215 1474 1279 animalium

320 1319 512 1382 curationem
540 1339 603 1383 non
628 1317 822 1404 prohibebat.
867 1317 928 1382 ¹Et
955 1317 1048 1396 Siloa,
1076 1327 1108 1382 et
1130 1319 1197 1404 jam
1222 1337 1305 1402 saepe
1335 1313 1474 1380 sabbatis

320 1421 456 1485 curavit:
480 1428 513 1485 et
528 1429 654 1506 propter
668 1421 727 1485 hoc
741 1421 920 1484 assidebant
939 1421 967 1486 e'i
983 1421 1072 1484 multi
1088 1421 1138 1484 die
1152 1421 1362 1485 sabbatorum.
1393 1417 1473 1482 Gon-

320 1523 420 1588 tinere
439 1545 474 1586 se
495 1523 578 1588 enim
595 1524 726 1609 jubebat
744 1543 799 1587 eos
822 1521 889 1587 Lex
909 1524 950 1587 ab
969 1523 1053 1587 omni
1077 1543 1168 1607 opere
1187 1521 1299 1598 servili,
1319 1519 1352 1584 id
1369 1526 1418 1583 est
1433 1521 1473 1583 ah

320 1626 404 1689 omni
419 1625 559 1704 avaritia,
581 1647 650 1712 quse
670 1645 725 1710 per
742 1625 986 1711 negotiationem
1001 1635 1034 1691 et
1048 1625 1166 1713 reliquo
1180 1633 1302 1690 terreno
1320 1631 1393 1690 actu
1407 1624 1472 1710 agi-

319 1735 421 1792 tatur:
444 1729 556 1792 animee
571 1735 676 1792 autem
691 1747 793 1813 opera,
810 1749 879 1814 quae
894 1728 974 1792 fiunt
988 1750 1043 1814 per
1057 1728 1253 1806 sententiam,
1269 1733 1301 1790 et
1316 1747 1473 1790 sermones

319 1831 445 1910 ²b0nos,
465 1831 498 1894 in
520 1831 669 1895 auxilium
692 1851 799 1894 eorum
819 1829 872 1915 qui
893 1832 1029 1917 proximi
1044 1839 1127 1910 sunt,
1150 1831 1373 1895 adhortabatur
1394 1829 1471 1894 fleri.

320 1933 365 1996 Et
385 1939 511 2018 propter
529 1933 589 1997 hoc
609 1932 763 1996 Dominus
782 1935 932 2019 arguebat
949 1955 1013 2012 eos,
1034 1935 1087 2018 qui
1110 1933 1225 2018 injuste
1245 1933 1472 2016 exprobrabant

320 2034 359 2112 ei,
387 2034 459 2122 quia
482 2035 620 2099 sabbatis
646 2037 785 2100 curabat.
823 2035 896 2100 Non
919 2035 1003 2100 enirn
1031 2035 1179 2112 solvebat,
1204 2035 1259 2099 sed
1282 2031 1472 2118 adimplebat

155 2152 219 2191 Num·
229 2163 292 2192 xxxv.
322 2137 448 2223 Legem,
464 2137 577 2200 summi
594 2137 772 2202 Sacerdotis
786 2159 880 2224 opera
896 2138 1069 2223 perficiens,
1084 2137 1255 2224 propitians
1270 2157 1325 2220 pro
1340 2135 1471 2199 homini-

152 2201 212 2284 df’b·
222 2247 283 2287 Μ
321 2241 378 2304 bus
393 2238 507 2316 Deum,
519 2246 553 2303 et
566 2239 739 2303 emundans
753 2239 899 2325 leprosos,
912 2239 1050 2304 infirmos
1065 2261 1186 2317 curans,
1198 2247 1230 2302 et
1245 2239 1312 2323 ipse
1325 2237 1470 2314 moriens,

318 2343 364 2406 uti
384 2342 538 2406 ⁸exiliatus
553 2342 645 2407 homo
664 2343 764 2408 exiret
778 2343 817 2408 de
831 2342 1097 2422 condemnatione,
1113 2349 1146 2408 et
1159 2347 1363 2406 reverteretur
1378 2341 1470 2404 intre-

316 2445 388 2530 pide
403 2443 443 2509 ad
457 2465 545 2510 suam
561 2444 784 2510 haereditatem.

771 2624 872 2688 OAP.
897 2624 1017 2690 XVII.

321 2761 506 2848 Quoniam
522 2787 594 2834 aon
608 2774 736 2832 contra
759 2759 893 2855 Lapara
906 2761 1100 2856 faciebant
1122 2761 1301 2859 disceptata
1314 2761 1472 2835 Domini

393 2875 552 2948 sabbatis
578 2874 701 2972 spicas
727 2874 894 2976 tepentes:
923 2889 955 2947 et
983 2875 1157 2973 qnoniam
1184 2876 1318 2951 Levita
1352 2903 1471 2950 manas

393 2989 569 3087 disceptata
594 2988 759 3062 Domini.

321 3140 388 3202 San
411 3146 444 3203 et
465 3137 636 3202 esurientes
655 3136 795 3219 accipere
809 3137 948 3200 sabbatis
968 3157 1057 3202 escas
1070 3160 1110 3202 ex
1130 3138 1265 3224 hisquae
1285 3139 1469 3225 adjacebant

319 3261 382 3303 non
401 3238 526 3304 vetabat
546 3237 627 3301 Lex:
648 3245 764 3301 metere
784 3245 939 3302 autemst
962 3239 1105 3326 colhgere
1120 3240 1153 3303 in
1171 3241 1313 3306 horreum
1333 3245 1469 3308 vetabat.
1484 3262 1564 3306 aar.

319 3401 346 3433 aa
358 3384 413 3432 wall
424 3400 451 3432 aa
466 3384 508 3432 the
527 3383 586 3433 Cart.
599 3384 650 3432 Au.
666 3383 711 3431 has
725 3383 767 3431 tha
780 3383 867 3446 plural.
918 3383 990 3432 farnad
1001 3385 1043 3432 tha
1059 3385 1160 3434 miracle
1174 3390 1202 3434 at
1213 3385 1338 3436 Bethaada
1349 3388 1410 3436 with
1427 3389 1470 3438 tha

320 3465 352 3514 In
365 3466 435 3513 other
446 3469 554 3528 respecta
566 3466 608 3513 the
623 3469 677 3513 text
690 3466 711 3512 is
722 3465 869 3528 apparently
919 3465 1066 3513 restoration
1078 3467 1107 3513 of
1120 3467 1187 3529 sight
1198 3472 1225 3514 to
1236 3467 1279 3514 the
1294 3467 1362 3516 blind
1373 3484 1432 3516 man
1443 3469 1468 3516 in

319 3547 411 3610 quoted
428 3547 492 3596 from
509 3563 628 3610 memory,
648 3546 698 3594 and
713 3545 794 3594 differs
811 3547 836 3594 in
853 3561 869 3592 a
918 3545 978 3594 Joh.
998 3545 1031 3593 ix.
1065 3545 1118 3594 Tha
1140 3562 1253 3595 common
1275 3548 1377 3612 reading
1398 3549 1469 3598 etiam

319 3629 414 3692 trifling
424 3628 511 3692 degree
522 3627 586 3676 from
597 3628 640 3676 the
651 3627 761 3690 original.
918 3641 965 3674 can
987 3627 1075 3690 hardly
1096 3627 1127 3676 be
1145 3629 1274 3692 expressed
1290 3631 1317 3678 in
1337 3631 1426 3691 Greek,
1450 3639 1470 3679 a

368 3711 512 3760 ¹E'tSfloa.
538 3710 605 3759 Siloa
622 3709 698 3758 isthc
718 3708 825 3758 ablativa
843 3709 872 3756 of
918 3707 1012 3770 having
1028 3709 1160 3772 precedcd;
1177 3709 1256 3771 etiam,
1275 3711 1403 3772 therefore,
1424 3713 1468 3760 has

318 3794 446 3858 locality..
471 3793 499 3840 If
523 3808 560 3840 we
581 3791 663 3839 follow
685 3791 728 3839 the
753 3789 869 3853 ordinary
918 3789 1157 3838 besnrasolvedinto
1165 3791 1250 3852 etjam.
1270 3795 1466 3853 narranaam,

318 3875 428 3938 reading,
453 3881 474 3923 et
495 3873 563 3922 aava
584 3872 663 3934 aiant,
687 3873 730 3920 the
747 3871 869 3934 difficulty
919 3870 959 3916 rat
972 3870 1001 3928 δὴ
1013 3870 1138 3930 πολλάκις,
1154 3872 1179 3918 ἐν
1191 3873 1241 3921 τοῖς
1256 3873 1372 3936 Σάββασι
1389 3873 1468 3934 ἐθερά·

317 3957 401 4017 ariscs,
419 3956 475 4004 that
496 3971 533 4002 we
555 3953 614 4016 only
628 3952 687 4002 read
706 3952 734 4000 of
748 3968 794 4000 oue
810 3967 868 4000 cure
918 3967 1013 4001 πευσεν.

316 4033 868 4100 baingperfonncdhythewatarsofsiloam
966 4030 1047 4081 ’The
1069 4034 1169 4085 Cursu.
1192 4037 1237 4085 has
1265 4037 1361 4096 bonam,
1389 4037 1469 4084 which

317 4120 356 4167 for
367 4119 485 4168 Guasu'a
495 4118 649 4181 supposition
663 4117 684 4164 is
700 4121 745 4164 not
761 4116 866 4176 tsnablo,
918 4113 999 4177 might
1012 4130 1110 4180 express
1126 4119 1236 4178 xpers-br
1253 4117 1293 4165 ἐπ’
1312 4119 1408 4178 spaera
1422 4118 1470 4166 τῶν

317 4199 374 4248 that
391 4214 468 4260 many
485 4198 546 4246 auch
557 4195 635 4260 {cures
652 4212 711 4260 may
728 4197 791 4244 have
805 4197 867 4246 been
918 4196 1044 4255 γειτόνωνι
1067 4197 1127 4244 with
1142 4197 1212 4245 basar
1229 4211 1265 4245 we
1281 4199 1363 4260 might
1382 4204 1469 4261 expect

318 4275 455 4340 performed
478 4275 506 4322 of
530 4275 612 4322 which
633 4273 760 4322 Iarrnos
781 4275 831 4323 had
852 4292 868 4324 a
918 4281 945 4325 to
962 4277 1026 4325 have
1047 4278 1106 4324 read
1127 4277 1265 4326 romatiana
1284 4279 1363 4338 piam.
1406 4279 1469 4342 May

318 4355 462 4406 traditional
475 4353 633 4418 knowledge5
650 4355 746 4404 neither
758 4355 780 4404 is
795 4356 868 4404 Mas·
919 4357 1036 4418 ἀρκέσεως
1051 4357 1115 4406 have
1128 4358 1190 4406 bean
1202 4357 1300 4406 written
1312 4359 1393 4406 where
1408 4361 1467 4409 clet-

318 4437 405 4488 susa's
412 4435 554 4500 hypothesis
560 4451 628 4483 more
638 4435 802 4500 satisfactory,
812 4437 868 4486 that
919 4453 978 4486 arar
989 4453 1045 4485 now
1056 4437 1142 4484 stands
1155 4438 1182 4484 in
1193 4438 1236 4485 the
1247 4441 1301 4486 text
1312 4443 1338 4486 at
1349 4451 1368 4490 1.
1385 4442 1445 4500 1433

318 4517 362 4569 rue
376 4515 476 4578 Fathor,
493 4515 528 4581 by
545 4515 612 4580 lapse
630 4516 658 4566 of
672 4532 790 4581 mamory,
811 4531 867 4566 con·
967 4516 1106 4567 ’aaran
1115 4516 1192 4580 bonta
1207 4520 1369 4580 ἐξωθούμενος.
