3334 5070
531 433 689 486 OMNIUM
716 432 851 485 GURAM
878 429 1017 483 HABET.
1282 415 1349 478 133

193 585 309 676 estqui
327 591 376 652 est
395 584 480 650 solus
499 587 605 650 ¹verus
620 584 743 666 Deusz)
765 605 837 649 eum
851 604 924 648 vero
938 583 991 669 qui
1006 587 1142 659 nonest,
1158 579 1349 646 somniantes
1385 601 1490 643 mnne

1381 649 1469 688 xxxviii.
1480 650 1498 688 2.

192 711 285 777 super
298 689 391 766 hunc,
413 695 449 751 ut
463 709 612 775 magnum
634 688 735 752 Deum
755 693 904 772 putentur
923 684 1128 762 adinvenisse,
1147 703 1239 768 quem
1257 705 1349 748 nemo
1365 695 1510 782 ffigffll

192 793 291 878 possit
314 812 511 878 cognoscere,
533 791 670 855 humano
691 790 798 876 generi
825 789 1117 866 communicantem,
1143 808 1201 851 nec
1227 789 1511 876 terrena-2¹12}-

192 896 474 960 administrantem:
496 893 624 980 Epicuri
645 893 787 958 videlicet
806 892 998 958 invenientes
1020 891 1135 968 Deum,
1156 911 1256 977 neque
1277 889 1348 969 sibi,

192 1019 293 1084 neque
314 998 383 1063 aliis
404 997 520 1084 aliquid
541 1003 753 1082 praestantem,
777 995 809 1060 id
831 1005 890 1074 est,
915 994 1029 1060 nullius
1049 995 1274 1080 providentiam
1294 995 1348 1060 ha-

192 1103 328 1167 bentem.

616 1287 717 1353 OAP.
743 1287 927 1353 XXXIX.

211 1426 372 1502 Osteomo
389 1425 563 1527 quonam
575 1425 813 1526 prorridentio
830 1426 909 1502 Dei
922 1440 1073 1526 regator
1088 1427 1148 1502 bic
1162 1427 1329 1504 mundos.

267 1575 541 1640 Pnovronrvrrara
574 1583 680 1640 antem
710 1574 806 1639 babet
835 1574 923 1639 Deus
951 1575 1100 1654 omnium,
1132 1583 1258 1661 propter
1288 1575 1347 1642 hoc

191 1683 225 1740 et
250 1676 413 1740 consilium
437 1677 512 1741 dat:
535 1676 699 1741 consilium
724 1683 830 1741 autem
857 1676 935 1742 dans
956 1677 1045 1740 adest
1068 1677 1127 1755 his,
1150 1678 1203 1763 qui
1227 1699 1348 1742 morum

191 1779 433 1863 ²providentiam
447 1779 575 1845 habent.
620 1779 756 1845 Necesse
775 1788 824 1843 est
843 1779 939 1865 igitur
957 1801 996 1844 ea
1015 1801 1085 1866 quae
1103 1780 1301 1865 providentur
1315 1790 1348 1846 et

190 1882 412 1966 gubernantur,
428 1903 614 1967 cognoscere
629 1903 719 1946 suum
734 1881 950 1946 ³directnrem:
973 1905 1042 1969 qnae
1058 1883 1181 1969 quidem
1196 1906 1259 1950 non
1274 1893 1348 1950 sunt

191 1981 404 2060 ⁴irrationalia,
420 2005 520 2070 neque
539 2007 628 2062 vana,
643 1985 699 2049 sed
718 1985 834 2049 habent
851 1983 1087 2050 sensibilitatem
1108 1994 1285 2070 perceptam
1308 1985 1348 2052 de

192 2086 385 2172 providentia
401 2087 472 2153 Dei.
518 2087 563 2151 Et
586 2097 712 2174 propter
732 2087 792 2152 hoc
812 2087 1006 2152 ethnicorum
1023 2088 1158 2174 quidam,
1173 2088 1232 2175 'qui
1246 2088 1349 2154 minus

191 2187 342 2253 illecebris
361 2211 399 2254 ac
422 2189 633 2275 voluptatibus
654 2189 837 2268 servierunt,
860 2199 893 2254 et
915 2211 978 2253 non
1000 2189 1033 2252 in
1054 2197 1177 2254 tantum
1199 2191 1347 2276 supersti-

192 2291 277 2356 tione
288 2291 439 2356 idolorum
450 2291 632 2357 lcoabducti
645 2301 728 2372 sunt,
742 2291 935 2378 providentia
946 2294 1014 2378 ejus
1025 2291 1102 2356 moti
1117 2293 1190 2356 licet
1201 2293 1346 2374 tenuiter,

191 2401 297 2458 tamen
317 2395 455 2460 conversi
474 2403 557 2474 sunt,
579 2403 615 2460 ut
632 2395 771 2460 dicerent
789 2395 1007 2460 fabricatorem
1026 2393 1120 2479 hujus
1140 2395 1349 2460 universitatis

193 2498 322 2562 Patrem
350 2499 490 2564 omnium
518 2498 741 2585 providentem,
775 2506 809 2563 et
841 2497 1056 2592 disponentem
1089 2497 1259 2563 secundum
1290 2521 1349 2565 nos

191 2600 352 2666 mundum.

667 2763 768 2830 GAP.
792 2763 869 2829 XL.

193 2907 378 2998 Quoniam
389 2935 502 3008 neptae
505 2908 657 3008 factitio
669 2909 746 2984 sine
759 2909 916 2984 bonitate
928 2922 1092 2985 constare
1103 2922 1224 3009 potest,
1235 2937 1348 3010 aeque

259 3025 399 3101 bonitas
410 3023 654 3124 siaejustitia.
701 3027 886 3117 Quoniam
897 3025 1154 3125 sapientialem
1165 3041 1196 3101 et
1207 3027 1343 3102 Jodeo.

260 3141 422 3217 Ostensio
439 3142 537 3242 quod
562 3143 717 3216 Verbum
735 3143 812 3218 Dei
829 3157 861 3218 ct
869 3145 1021 3242 justam,
1040 3157 1072 3218 ct
1090 3143 1222 3218 bonum
1238 3145 1294 3218 sit.

192 3301 223 3363 1.
268 3297 404 3364 Rursus
422 3307 459 3364 ut
480 3298 721 3385 ⁶increpativnm
742 3299 898 3364 auferrent
919 3321 940 3364 a
962 3301 1059 3364 Patre
1076 3307 1108 3365 et
1125 3299 1281 3387 judiciale,
1301 3302 1347 3366 in·

190 3402 319 3489 dignum
341 3403 373 3466 id
389 3403 458 3468 Deo
479 3411 637 3489 putantes,
652 3411 686 3468 et
703 3403 770 3468 sine
791 3403 951 3468 iracundia
972 3411 1004 3468 et
1024 3403 1140 3467 bonnm
1158 3403 1347 3471 arbitrantes

189 3526 224 3569 se
239 3505 432 3571 adinvenisse
448 3506 563 3585 Deum,
579 3505 711 3570 alterum
726 3505 851 3593 quidem
862 3507 1012 3592 judicare,
1028 3515 1060 3570 et
1075 3506 1206 3570 alterum
1222 3508 1347 3592 quidem

189 3607 307 3672 salvare
322 3607 476 3686 dixerunt,
489 3608 681 3673 ⁷nesoientes
693 3617 893 3694 utrorumque
907 3607 1083 3672 auferentes
1097 3630 1222 3672 sensum
1237 3618 1269 3673 et
1280 3611 1347 3695 jus-

189 3709 303 3774 titiam.
335 3709 370 3774 Si
384 3711 467 3775 enim
471 3711 634 3796 judicialis
648 3733 711 3776 non
726 3719 758 3775 et
773 3712 873 3774 bonus
887 3709 939 3788 sit,
954 3711 995 3774 ad
1010 3711 1206 3774 ⁸donandnm
1221 3712 1347 3796 quidem

189 3813 239 3879 his
256 3815 368 3900 quibus
385 3816 489 3892 debet,
509 3822 542 3880 et
561 3815 602 3880 ad
621 3815 869 3899 exprobrandum
890 3813 940 3877 his
960 3814 1073 3899 quibus
1093 3813 1225 3898 opdrtet,
1248 3837 1347 3903 neque

185 3919 290 4004 justus
313 3922 433 4004 ⁹neque
463 3917 587 4003 sapiens
615 3917 768 3982 videbitur
789 3917 907 4004 judam
933 3921 957 3958 ¹⁰
965 3937 1071 3980 rursus
1100 3917 1209 3996 bonus,
1236 3919 1262 3982 si
1287 3919 1347 3988 hoc

238 4091 248 4124 ¹
265 4093 318 4141 The
341 4093 441 4142 casnm
469 4093 526 4142 MS.
555 4093 671 4144 confirma
693 4097 744 4145 this
843 4097 854 4130 ⁷
871 4099 912 4148 fl.
922 4098 1055 4159 concentor,
1067 4099 1144 4160 ἁγνῶς
1155 4101 1273 4164 ἑκατέρων
1282 4119 1345 4164 περι-

189 4175 300 4238 reading,
313 4175 343 4224 cf.
356 4175 375 4224 J
377 4175 416 4224 oh.
430 4175 488 4224 xvii.
504 4189 525 4237 3.
552 4175 584 4224 al.
597 4191 655 4225 vere.
795 4181 914 4241 αιροῦντες
925 4182 978 4228 νοῦν
990 4182 1029 4229 καὶ
1041 4181 1189 4241 δικαιότητα.

237 4255 308 4306 1τοῖς
316 4257 433 4316 τῶνὴθῶν
441 4255 742 4321 προνοουμένοις.ιοό,η.6.
843 4260 854 4292 ⁸
878 4261 932 4321 Cn,
942 4261 1032 4322 Voss„
1047 4261 1112 4312 Fau.
1125 4278 1212 4325 many,
1224 4263 1271 4312 but
1281 4263 1344 4326 AB,

238 4335 249 4369 ³
266 4337 321 4398 Cn,
334 4337 426 4398 Voss,
443 4338 508 4387 Fau.
521 4355 608 4402 marg,
621 4339 667 4388 bnt
681 4341 742 4401 As,
795 4341 882 4390 Meno.
892 4354 922 4391 11.
931 4341 996 4390 addo
1007 4341 1124 4394 modum.
1137 4344 1169 4392 al.
1179 4343 1214 4392 od
1224 4345 1345 4396 dandum.

189 4419 279 4470 Mero.
292 4431 332 4478 11.,
344 4419 412 4469 Enn.
426 4428 546 4471 remoror.
843 4425 854 4458 ⁹
867 4427 920 4476 Tho
929 4426 972 4475 Gn.
986 4427 1031 4476 has
1042 4443 1152 4490 aequom,
1163 4429 1274 4495 possibly
1282 4431 1347 4481 from

237 4499 248 4531 ⁴
265 4500 375 4562 Cannu„
393 4503 440 4552 but
458 4501 509 4551 Aa.
528 4501 719 4552 irrationabilia.
794 4521 867 4571 troque
877 4507 981 4570 pridem,
997 4510 1050 4557 otta
1061 4511 1115 4569 μὴν.

238 4581 248 4613 ⁵
266 4581 375 4643 Osann,
390 4583 482 4646 Voss,
495 4585 543 4634 but
554 4587 604 4634 Aa.
618 4583 724 4635 abducti.
842 4589 864 4621 ¹⁰
881 4591 956 4639 πάλιν
972 4593 1070 4653 ἀγαθὸς,
1085 4597 1105 4640 ει
1116 4595 1188 4641 τοῦτο
1201 4595 1272 4653 μόνον
1287 4593 1316 4642 ἅν
1332 4597 1348 4656 fi

238 4661 249 4694 ⁶
266 4665 294 4712 τὸ
311 4666 487 4725 ἐπιτιμητικόν.
495 4703 501 4716 .
510 4704 515 4716 .
523 4669 561 4716 καὶ
573 4669 601 4716 τὸ
614 4667 724 4730 κριτικόν.
795 4669 893 4729 ἀγαθός.
