3270 5116
606 387 853 442 resonarem.
1242 377 1309 449 497
1407 415 1409 419 ·

155 543 313 628 εἰπόντες,
335 545 419 644 φέρε
437 547 612 628 πυθώμεθα
629 548 743 632 αὐτῶν,
763 548 799 619 τί
818 579 906 619 ποτε
924 549 975 618 καὶ
990 601 997 617 .
1012 601 1019 618 .
1034 601 1041 618 .
1054 546 1307 637 ἀμετάβλητον·

154 651 393 744 ἆμετάβλητος
412 656 477 757 ἄρα
494 662 512 740 ἡ
532 657 604 742 ὕλη·
634 662 662 730 ei
679 657 919 748 άμετάβλητος
938 665 956 743 ἡ
975 659 1045 744 ὕλη,
1064 659 1108 733 τὸ
1128 659 1163 731 δὲ
1183 660 1308 745 ἀμετά-

154 769 287 854 βλητον
305 771 343 840 οὗ
361 770 525 867 τρέπεται
543 768 629 844 κατά
647 775 826 857 ποιότητα,
847 774 883 843 οὗ
902 784 1170 857 κοσμοποιεῖτιιι.
1200 777 1254 846 Δι’
1270 778 1312 848 ori

155 882 323 979 παρέλκον
352 884 463 960 αὐτοῖς
490 886 655 982 φαίνεται,
690 885 751 956 τὸν
780 883 866 956 Θεὸν
892 883 1093 974 ἐπιβάλλειν
1121 888 1308 969 ποιότητας

154 997 197 1086 τῇ
223 993 293 1078 ὕλη,
322 997 405 1072 ὅλως
426 1003 484 1078 τῆς
511 995 587 1078 ὕλης
620 999 675 1068 οὐκ
699 997 931 1095 ἐπιδεχομένης
956 1000 1095 1098 τροπὴν,
1127 999 1308 1090 ἆγεννῆτον

153 1109 230 1178 κατ’
259 1109 359 1191 αὐτὴν
389 1110 628 1204 τυγχανούσης.
663 1107 750 1182 Ἔτι
778 1114 805 1182 εἰ
830 1111 1009 1205 άγέννητος
1035 1117 1053 1195 ἡ
1079 1111 1148 1196 ὕλη,
1176 1109 1308 1191 πάντως

152 1217 240 1290 κατὰ
264 1219 339 1290 τινὰ
363 1222 531 1304 ποιότητα
550 1222 742 1309 πεποίηται,
764 1223 817 1295 καὶ
837 1225 961 1306 ταύτην
985 1224 1166 1324 ἄτρεπτον,
1190 1224 1245 1295 οὖν
1268 1223 1308 1296 dv

153 1332 200 1413 εἴη
232 1335 390 1405 πλειόνων
420 1339 610 1418 ποιοτήτων
642 1333 781 1420 δεκτική·
809 1335 872 1408 odd
898 1333 938 1407 άν
962 1347 1224 1422 κοσμοποιοΐτο·
1262 1339 1307 1422 μὴ

152 1448 439 1532 κοσμοποιουμένη
466 1445 509 1533 δὲ,
531 1446 625 1525 ἐκτὸς
649 1461 740 1521 ποιεῖ
765 1449 827 1522 τὸν
856 1448 943 1520 Θεὸν
968 1448 1009 1520 δι’
1026 1452 1113 1522 ὅλων
1135 1456 1198 1522 τοῦ
1216 1448 1307 1536 δημι-

152 1569 293 1656 ονργεῖν.

636 1801 821 1866 XXXIII.

238 1958 308 2029 Kal
339 1961 569 2047 ἐβαπτίσατό,
596 1969 708 2060 φησιν,
739 1963 771 2032 ἐν
795 1969 845 2051 τῷ
873 1960 1020 2061 Ἰορδάνῃ
1045 1961 1189 2042 ἑπτάκις.
1252 1968 1305 2037 Ol

150 2067 260 2153 μάτην
277 2069 383 2142 πάλαι
404 2073 542 2158 Ναιμὰν
560 2073 685 2173 λεπρὸς
705 2071 747 2147 civ
765 2074 971 2161 βαπτισθεὶς
994 2076 1198 2176 ἕκαθαῖρετο,
1226 2079 1304 2150 ἄλλ’

153 2185 196 2258 εἷς
221 2183 354 2279 ἔνδειξιν
378 2187 555 2284 ἡμετέραν·
585 2188 615 2258 ol
640 2187 760 2285 λεπροὶ
787 2188 877 2264 ὄντες
902 2188 934 2256 ἐν
956 2197 1030 2265 ταῖς
1053 2190 1231 2287 ἁμαρτίαις
1251 2189 1303 2262 διὸ

152 2301 215 2366 τοῦ
246 2296 345 2388 ἁγίου
378 2296 496 2376 ὕδατος
523 2300 577 2370 καὶ
606 2308 664 2381 τῆς
692 2305 755 2370 τοῦ
790 2299 917 2398 Κυρίου
946 2300 1143 2384 ἐπικλήσεως
1169 2305 1306 2402 καθαρι-

153 2405 278 2506 ζάμεθα
318 2414 384 2480 τῶν
420 2417 571 2482 παλαιῶν
609 2409 901 2510 παραπτωμάτων,
936 2415 976 2489 ὡς
1014 2411 1129 2484 παιδία
1167 2416 1304 2507 νεόγονα

150 2647 320 2734 ingenitam
335 2649 496 2726 dicentes;
518 2650 653 2737 agedum
669 2651 870 2736 inquiramus,
892 2652 966 2740 quid
991 2703 1049 2719 ...
1068 2705 1074 2720 .
1099 2653 1304 2723 immutabile.

152 2751 360 2818 Immutabilis
385 2753 491 2840 itaque
516 2763 565 2818 est
589 2755 730 2818 materia.
778 2755 835 2818 Sin
861 2755 1065 2819 immutabilis
1091 2764 1141 2820 est
1161 2758 1303 2837 materia,

150 2861 343 2927 immutabile
357 2870 462 2927 eutem
477 2885 539 2928 nou
554 2863 704 2928 alteratur
722 2864 893 2929 secundum
902 2857 1100 2951 qualitatem,
1117 2869 1251 2933 mundus
1265 2891 1305 2934 ex

150 2986 188 3030 ea
211 2987 274 3029 non
300 2966 452 3030 conditur.
490 2967 687 3052 Quapropter
704 2988 966 3053 supervacaneum
985 2968 1032 3032 eis
1055 2969 1185 3048 ridetur,
1201 2971 1305 3036 Deum

150 3067 317 3154 qualitates
341 3069 480 3134 materiae
501 3069 697 3156 imprimere;
726 3071 880 3158 siquidem
897 3071 1029 3136 materia
1052 3073 1178 3138 omnino
1204 3083 1305 3140 muta-

151 3171 268 3238 tionem
295 3173 380 3238 haud
405 3172 554 3251 admittit,
583 3173 665 3260 quod
689 3195 745 3260 per
777 3195 812 3238 se
835 3173 877 3238 sit
901 3173 1050 3262 ingenita.
1108 3175 1251 3242 Ulterius
1276 3179 1304 3243 si

149 3277 279 3342 materia
292 3285 341 3342 est
355 3277 504 3364 ingenita,
520 3277 628 3364 utique
642 3299 713 3342 cnm
725 3277 858 3364 quadem
874 3277 1033 3363 qualitate,
1045 3299 1144 3365 eaque
1159 3280 1304 3346 immuta·

149 3379 203 3442 bili
228 3379 312 3444 lacta
337 3387 402 3454 est;
427 3401 529 3464 neque
558 3380 655 3444 etiarn
678 3380 812 3444 muudus
838 3402 878 3444 ex
905 3401 943 3444 ea
967 3381 1122 3447 conditur.
1181 3383 1304 3448 Mundo

148 3489 254 3544 autem
268 3481 341 3546 inde
354 3503 418 3546 non
432 3481 568 3560 condito,
583 3481 686 3546 Deum
700 3503 721 3547 a
735 3483 891 3547 creatione
904 3481 1012 3546 mundi
1026 3503 1154 3568 prorsus
1167 3484 1304 3550 alienum

149 3583 235 3648 facit.

216 3703 400 3770 XXXIII.
436 3707 539 3790 Atque
559 3703 729 3791 daptiaedat
745 3705 884 3792 εοίραιηι,
901 3705 957 3784 ait,
973 3706 1008 3771 in
1028 3705 1168 3770 Jordan
1186 3707 1304 3792 septies.
1317 3745 1416 3796 enm.
1427 3745 1457 3786 u.

150 3803 260 3891 Neque
286 3806 400 3872 trustra
425 3805 499 3871 olim
529 3805 673 3872 Naaman
703 3807 788 3893 lepre
817 3805 973 3886 laborans,
1003 3829 1099 3892 quum
1129 3808 1305 3893 baptisatus

148 3917 242 3986 esset,
269 3909 302 3973 in
325 3909 462 3995 corporis
487 3909 656 3994 puritatem
678 3909 844 3974 restitutus
867 3917 926 3986 est,
953 3909 1008 3976 sed
1032 3918 1068 3974 ut
1090 3911 1172 3975 viam
1193 3911 1305 3976 salutis

148 4014 239 4077 nobis
264 4013 455 4080 ostenderet:
487 4013 540 4101 qui
567 4013 696 4102 quidem'
717 4013 855 4098 peccatis
882 4013 1058 4079 commissis
1081 4013 1194 4099 leprosi
1218 4013 1303 4094 sacti,

148 4139 205 4204 per
232 4139 346 4207 aquam
370 4140 492 4184 sacram
520 4127 553 4185 et
581 4117 809 4184 invocationem
844 4117 974 4184 Domini
1000 4139 1021 4183 a
1044 4119 1198 4204 prioribus
1221 4118 1304 4184 vitiis

195 4343 332 4393 XXXIII.
367 4343 427 4393 This
444 4343 494 4393 end
510 4344 553 4393 the
564 4347 624 4393 next
634 4343 700 4406 frag·
752 4341 836 4391 Booke
858 4341 888 4390 oi
903 4341 987 4406 Kinga
1005 4341 1086 4391 inthc
1100 4340 1195 4390 Goielirr
1213 4339 1305 4390 Collec-

146 4431 217 4474 ment
231 4427 286 4476 first
301 4425 426 4491 appeared
441 4421 468 4474 iri
483 4427 526 4474 the
540 4426 701 4475 BenedictIne
750 4427 818 4487 εἰσιν,
842 4427 953 4491 possibly
971 4427 1015 4474 the
1035 4426 1122 4491 Syriae
1143 4425 1233 4484 notice,
1257 4425 1302 4476 Gr.

146 4506 238 4554 edition
250 4507 375 4571 reprinted
386 4505 607 4568 atVenioe,1734.
630 4506 701 4570 They
751 4507 793 4555 Fr.
807 4505 941 4554 XXXIX.
959 4520 978 4565 ι,
992 4505 1067 4554 refers
1081 4511 1108 4554 to
1119 4507 1163 4555 the
1174 4521 1242 4554 same
1254 4505 1303 4552 Ex·

147 4602 211 4636 were
228 4588 304 4637 taken
321 4588 386 4637 from
398 4604 414 4637 a
424 4587 482 4638 MS.
498 4588 589 4638 octeno
606 4603 638 4636 on
657 4587 701 4636 the
750 4588 900 4652 positiones
913 4588 1047 4637 Instemus.
