3334 5070
632 579 843 666 sluou
896 577 1120 664 ursuni

458 787 793 896 CONTRA
870 785 1289 893 HAERESES.

771 1167 902 1228 LIBER
923 1169 980 1228 IV.

739 1315 907 1375 Palm
919 1315 1006 1377 ΤΙΟ.

371 1449 401 1512 l.
447 1445 552 1511 Hunc
584 1452 729 1532 quartum
755 1445 879 1526 librum,
909 1445 1119 1524 dilectissime,
1147 1447 1364 1514 transmittens
1392 1447 1449 1513 tibi
1462 1465 1541 1510 cns

297 1549 401 1634 operis
426 1549 508 1634 quod
535 1556 584 1615 est
609 1550 648 1614 de
663 1549 855 1614 ldetectione
881 1557 914 1614 et
942 1550 1101 1616 eversione
1129 1549 1216 1615 fslsae
1253 1551 1448 1638 cognitionis,
1462 1569 1546 1616 11-227.

298 1652 557 1739 quemadmodum
578 1651 785 1738 promisimus,
803 1673 858 1740 per
883 1651 1008 1716 Domini
1028 1675 1188 1718 sermones
1213 1674 1251 1718 ea
1272 1676 1342 1738 quae
1371 1677 1449 1740 pree-

298 1755 434 1820 tliximus
460 1755 742 1834 ²coufirmabimus,
765 1756 811 1820 uti
838 1763 871 1820 et
892 1763 939 1834 tu,
961 1755 1043 1821 sicut
1069 1755 1244 1843 postulasti,
1270 1757 1405 1844 undique
1429 1779 1450 1823 a

297 1858 387 1922 uobis
413 1858 548 1945 accipias
575 1859 753 1924 occasiones
777 1859 819 1923 ad
844 1858 1050 1925 confutandos
1079 1881 1187 1926 omnes
1215 1860 1387 1939 haereticos,
1415 1869 1450 1928 et

297 1981 352 2026 eos
379 1961 556 2027 omnimodo
580 1968 704 2026 retusos
732 1982 796 2026 non
819 1959 943 2048 longius
965 1961 1050 2028 sinas
1072 1962 1105 2027 in
1134 1963 1246 2029 erroris
1263 1965 1450 2050 ³proeedere

298 2065 494 2152 profundum,
525 2083 625 2152 neque
651 2065 836 2153 ignorantiae
857 2065 1019 2152 praefocari
1041 2065 1162 2152 pelago,
1190 2067 1245 2132 sed
1268 2075 1450 2133 convertens

297 2189 353 2234 eos
372 2168 405 2233 in
427 2168 567 2235 veritatis
590 2175 725 2255 portum,
747 2167 843 2233 iacias
872 2189 961 2234 suam
983 2169 1142 2254 percipere
1166 2169 1309 2235 salutem.
1365 2168 1449 2234 Eum

296 2279 402 2338 antem
425 2273 479 2361 qui
495 2273 569 2340 velit
591 2293 646 2338 eos
670 2278 859 2350 convertere,
885 2279 1009 2358 oportet
1032 2271 1195 2358 diligenter
1219 2273 1298 2338 scire
1326 2273 1450 2360 reginas

296 2376 362 2442 sive
386 2383 571 2464 argumenta
595 2375 744 2464 ipsorum.
793 2375 862 2442 Nec
885 2374 968 2441 enim
989 2376 1135 2461 possibile
1157 2382 1206 2441 est
1227 2375 1319 2442 alicui
1341 2399 1450 2442 curare

296 2479 448 2562 quosdam
463 2480 543 2546 male
556 2479 717 2556 habentes,
739 2477 792 2564 qui
813 2477 937 2566 ignorat
956 2477 1152 2564 *passionem
1168 2499 1274 2543 eorum
1295 2478 1347 2565 qni
1369 2479 1449 2546 male

296 2581 412 2650 valent.
457 2583 651 2669 Quapropter
676 2581 710 2645 hi
740 2579 793 2666 qui
814 2587 888 2646 ante
908 2602 966 2646 nos
985 2581 1120 2661 luerunt,
1145 2580 1325 2666 etquidem
1350 2583 1449 2648 multo

296 2685 387 2750 uobis
410 2685 561 2764 meliores,
585 2707 648 2749 non
671 2691 777 2748 tamen
802 2683 880 2747 satis
902 2673 1301 2768 potuerunt'contradicere
1323 2684 1373 2749 his
1396 2687 1449 2773 qui

297 2795 403 2853 sunta
415 2785 595 2866 Valentino,
607 2785 679 2872 quia
693 2784 879 2871 ignorabant
890 2783 1029 2870 regulam
1041 2785 1189 2872 ipsorum,
1202 2809 1295 2873 quam
1306 2808 1363 2853 nos
1377 2811 1449 2853 cum

297 2888 381 2955 omni
401 2888 562 2976 diligentia
576 2887 608 2951 in
622 2886 722 2975 primo
737 2885 816 2951 libro
830 2885 903 2951 ⁶tibi
919 2888 1123 2966 tradidimus;
1148 2890 1197 2954 ⁰in
1212 2911 1274 2976 quo
1291 2897 1324 2954 et
1345 2897 1449 2954 osten-

297 2991 401 3056 dimus
423 2990 597 3056 doctrinam
620 3011 727 3056 sorum
756 2987 1045 3075 recapitulationem
1068 3013 1137 3058 esse
1164 2992 1303 3057 omnium
1325 2991 1449 3058 haereti·

296 3115 413 3160 corum.
458 3092 669 3180 ⁷Quapropter
683 3099 716 3158 et
730 3091 763 3156 in
777 3092 914 3158 seeundo
931 3101 1091 3180 tamquam
1110 3096 1269 3182 speculum
1284 3095 1450 3160 habuimus

296 3218 350 3264 eos
365 3195 463 3264 totius
477 3195 653 3262 eversionis.
691 3195 753 3278 Qui
768 3194 851 3260 enim
866 3195 937 3260 ⁸his
951 3197 1167 3262 contradicunt
1181 3198 1352 3264 secundum
1366 3199 1450 3284 quod

296 3309 430 3388 oportet,
453 3299 670 3366 contradicunt
696 3298 839 3365 omnibus
860 3299 912 3387 qui
929 3307 1004 3366 sunt
1021 3299 1112 3366 malae
1135 3301 1320 3378 sententiae3
1341 3310 1374 3368 et
1396 3303 1449 3389 qui
1542 3325 1550 3339 ·

296 3406 355 3471 hos
377 3409 546 3481 levertunt,
562 3409 705 3468 evertunt
719 3423 843 3468 omnem
857 3401 1011 3467 haeresim.

362 3512 393 3574 2.
425 3507 524 3594 Super
538 3527 647 3572 onmes
661 3513 709 3571 est
728 3505 811 3569 enim
825 3505 1006 3593 blasphema
1020 3507 1127 3595 regula
1145 3508 1293 3594 ipsorum,
1312 3509 1448 3595 quando-

297 3612 420 3700 quidem
444 3610 593 3676 lactorem
615 3615 647 3674 et
663 3605 891 3686 fabricatorem,
913 3607 966 3693 qui
986 3617 1036 3674 est
1053 3631 1135 3674 unus
1159 3611 1256 3689 Deus,
1277 3611 1449 3677 secundum

296 3715 378 3804 quod
401 3713 602 3794 ostendimus,
618 3711 656 3777 de
671 3711 740 3776 labe
759 3711 824 3776 sive
846 3709 1019 3777 delectione
1035 3715 1139 3777 ¹⁰eum
1160 3713 1309 3780 emissum
1330 3715 1449 3780 dieunt.

348 3886 357 3918 ²
374 3885 427 3936 'l'he
447 3887 503 3936 title
525 3885 658 3946 indicated,
675 3883 734 3932 Vol,
752 3893 771 3932 1.
789 3895 844 3944 250,
947 3879 958 3910 ⁶
976 3881 1021 3930 See
1033 3893 1051 3930 1.
1065 3883 1104 3946 98,
1120 3897 1175 3943 243.

296 3969 346 4018 and
357 3970 384 4018 in
395 3970 438 4018 the
445 3970 531 4034 Syriae
538 3968 688 4030 Fragments
699 3971 727 4014 at
737 3966 780 4014 the
789 3964 844 4013 end.
948 3962 958 3994 l
976 3963 1022 4012 See
1034 3975 1052 4013 1.
1068 3963 1122 4028 369.

345 4049 567 4114 ‘conflantium
579 4050 599 4097 is
610 4047 690 4098 found
702 4047 753 4095 also
765 4047 791 4094 in
803 4047 846 4094 the
946 4044 956 4077 ⁸
973 4045 1026 4094 Τὴῡ
1044 4045 1144 4096 Cunna.
1166 4049 1242 4096 omits
1261 4047 1315 4103 leia·
1338 4047 1388 4096 and
1408 4047 1450 4096 the

296 4134 405 4194 Curam,
425 4133 457 4183 al.
470 4131 670 4193 emfimore'mue.
897 4126 979 4176 Greek
994 4127 1055 4177 verb
1071 4143 1130 4194 may
1146 4129 1209 4177 have
1225 4129 1286 4177 been
1304 4127 1450 4176 usodabso·

345 4213 356 4246 ³
370 4213 504 4278 procedere,
518 4213 629 4272 Otltnrt„
643 4212 724 4260 Voss,
744 4209 843 4272 φθάσαι,
896 4203 982 4268 lutely,
997 4221 1017 4254 e.
1023 4221 1048 4270 g.
1061 4207 1226 4268 ἀντιλέγοντες
1233 4208 1281 4266 γὰρ
1289 4205 1394 4263 δεόντως,
1408 4203 1452 4265 qui

295 4313 373 4346 seems
391 4311 458 4344 more
471 4294 570 4344 natural
584 4294 645 4343 than
656 4295 699 4342 the
710 4293 761 4342 An.
775 4292 843 4340 read·
896 4293 922 4334 ut
935 4287 998 4336 decet
1009 4287 1143 4350 deiparam.

295 4377 339 4439 ing
347 4361 481 4438 procidere,
496 4372 647 4434 προπίπτειν,
662 4371 704 4420 tho
715 4371 846 4434 metaplror
945 4369 956 4401 ⁹
967 4369 1044 4418 MSS.
1053 4375 1157 4418 memmi.
1174 4369 1291 4418 Surnnnn
1302 4367 1335 4430 ty
1344 4366 1450 4414 mistalre

295 4458 369 4520 being
379 4455 443 4504 srom
453 4455 497 4502 the
508 4469 584 4502 ocean
595 4454 663 4515 deep.
896 4451 945 4500 loe.

344 4537 355 4567 ⁴
371 4536 400 4585 τὸ
411 4536 487 4584 πάθος
498 4535 546 4581 τῶν
558 4535 634 4582 κακῶς
645 4533 755 4594 ἐχόντων.
944 4531 965 4564 ¹⁰
978 4548 1039 4592 eam,
1052 4537 1078 4580 to
1089 4531 1120 4579 be
1135 4533 1235 4593 merged
1247 4533 1352 4596 perhaps
1370 4532 1394 4579 in
1408 4532 1450 4580 the

345 4617 355 4648 ⁶
372 4615 423 4674 tibi,
433 4615 488 4676 On,
502 4613 583 4662 notin
595 4613 697 4662 thella.
707 4613 841 4662 andVoss.
894 4614 1022 4674 following
1033 4611 1141 4674 syllable.
