3334 5070
526 406 657 458 suarm
684 407 732 457 ar
757 405 1023 459 uascroulrrs.
1290 389 1356 452 165

1370 567 1424 607 mn.
1434 567 1472 606 lV.
1481 577 1517 606 xv.

1371 613 1416 653 GR.
1426 613 1524 653 1V.xvil.

1383 659 1461 698 Mass,
1472 657 1512 697 lv.

673 706 775 772 OAP.
799 705 881 772 XV.
1406 704 1451 744 ll·
1464 705 1482 742 ¹·

201 857 365 933 Osteoaio
389 857 564 958 quoniam
581 859 776 934 Abraham
794 860 1003 936 haereditate
1020 858 1184 959 percepit
1205 883 1359 956 repaom

691 976 868 1052 caelorum.

269 1160 392 1224 Vanus
413 1167 519 1226 autem
534 1167 567 1224 et
583 1160 728 1224 Marcion
747 1168 780 1226 et
795 1161 847 1245 qui
862 1163 903 1226 ab
922 1183 970 1240 eo,
987 1161 1177 1246 expellentes
1200 1161 1241 1226 ab
1262 1161 1359 1226 haere·

199 1263 300 1328 ditate
331 1263 502 1343 Abrabam,
534 1261 585 1327 cui
612 1262 746 1348 Spiritus
775 1264 982 1348 permultos,
1008 1267 1075 1351 jam
1104 1271 1210 1329 autem
1244 1273 1277 1329 et
1305 1286 1360 1350 per

203 1362 337 1429 Pardnm
353 1363 566 1429 testimonium
588 1363 699 1441 reddit,
719 1364 866 1448 quoniam
888 1364 1020 1430 eredidit
1041 1364 1117 1442 Deo,
1135 1375 1163 1428 et
1183 1365 1360 1450 deputatam
1371 1377 1511 1468 {034¹pr

203 1475 244 1530 eat
259 1469 288 1530 ai
301 1465 525 1548 maslaum:
542 1473 574 1530 et
590 1465 754 1543 Dominus,
770 1465 904 1550 primum
916 1466 1041 1550 quidem
1055 1467 1094 1531 de
1108 1466 1262 1552 lapidibus
1276 1467 1359 1532 exci-
1371 1451 1521 1561 wli-‚1¹3³

202 1575 275 1631 tans
298 1567 378 1631 lilios
400 1567 440 1644 ei,
466 1576 499 1632 et
521 1568 638 1632 faciens
663 1589 768 1632 semen
792 1569 860 1654 ejus
887 1569 975 1654 quasi
997 1569 1103 1634 stellas
1129 1569 1209 1648 coeli,
1233 1569 1356 1634 dicens:
1371 1560 1513 1652 wiell}

206 1669 356 1746 maiam
375 1671 494 1734 venient
507 1668 546 1733 ab
568 1670 700 1749 Oriaata,
722 1679 750 1734 at
771 1670 940 1748 Occidente,
958 1670 997 1734 ab
1011 1671 1174 1757 Aquihoa,
1190 1681 1218 1736 at
1233 1674 1357 1752 Austro,
1370 1652 1522 1783 &britium

203 1779 232 1837 at
246 1769 415 1837 retundant
433 1793 501 1838 οσονο
514 1771 683 1850 Abraham,
704 1781 732 1836 at
746 1773 849 1852 Iaooc,
872 1784 900 1838 at
917 1774 1013 1839 Jacob
1035 1777 1070 1839 ia
1088 1797 1179 1862 reparo
1196 1775 1355 1850 oratorum
1370 1790 1400 1828 2⁹·
1496 1769 1502 1780 ’

203 1872 315 1938 iterum
327 1873 434 1939 dicens
449 1873 603 1939 ¹dudaeis:
620 1875 696 1938 Ouo
710 1874 851 1940 videritis
863 1873 1034 1954 Abraham,
1051 1887 1079 1942 ct
1090 1877 1194 1956 Isaeo,
1210 1887 1239 1942 σί
1252 1877 1357 1958 Jacob,
1371 1889 1421 1929 Luc·
1430 1889 1476 1928 ¹¹¹⁵·
1485 1890 1516 1928 ἢ

204 1985 233 2040 et
252 1997 351 2042 mnas
375 1976 538 2064 prephatus
559 1977 594 2041 ira
616 1999 707 2062 rapae
731 1976 896 2056 'eoebmma
920 2001 969 2042 coa
996 1988 1097 2044 autam
1118 1979 1235 2064 papea
1255 1983 1359 2065 forae.

205 2077 411 2143 Manifestum
435 2087 484 2144 est
510 2101 595 2165 ergo,
622 2078 769 2162 quoniam
793 2080 845 2166 qui
867 2081 1083 2146 contradicunt
1108 2081 1201 2145 saluti
1225 2082 1302 2166 ejus,
1327 2091 1361 2148 et
1438 2143 1439 2146 ,

202 2179 334 2244 alterum
359 2188 473 2266 praeter
499 2202 571 2246 eum
594 2180 648 2264 qui
674 2180 911 2264 promissionem
932 2183 1040 2247 lecerit
1061 2184 1200 2249 Abrahae
1225 2187 1360 2251 formant

204 2279 318 2358 Deum,
331 2290 421 2346 extra
434 2303 564 2368 regnum
577 2280 639 2345 Dei
653 2289 736 2358 sunt,
750 2289 783 2346 et
798 2282 977 2348 exhaeredes
988 2288 1128 2351 suamab
1142 2286 1358 2373 incorruptela,

203 2381 388 2447 lustrantes
416 2391 449 2448 et
476 2381 727 2468 blasphemantes
757 2381 871 2462 Deum,
903 2386 956 2468 qui
986 2387 1019 2450 in
1051 2409 1182 2474 regnum
1209 2391 1359 2455 coelorum

203 2481 373 2546 introducit
403 2483 576 2560 Abraham,
607 2486 659 2545 ⁴et
693 2503 800 2546 semen
828 2484 895 2568 ejus
925 2487 1008 2569 quod
1041 2497 1090 2553 est
1121 2489 1271 2564 Ecclesia,
1304 2515 1360 2577 per

205 2581 366 2647 Christum
378 2581 401 2644 J
403 2603 501 2660 esum,
517 2582 568 2646 oui
579 2590 611 2646 et
624 2581 751 2666 adoptio
762 2583 901 2648 redditur
915 2594 948 2650 et
959 2587 1124 2656 haereditas
1136 2613 1206 2677 quae
1221 2593 1359 2658 Abrahae

204 2683 357 2769 promissa
378 2691 437 2748 est.

668 2901 769 2968 OAP.
792 2903 895 2972 XVI.

206 3053 391 3144 Quoniam
424 3052 609 3129 Dominus
633 3025 807 3130 sabbatis
840 3084 976 3133 carana
1002 3063 1200 3139 secundare
1227 3067 1360 3167 Lepem

682 3172 862 3268 faciebat.

258 3339 480 3404 Vrunreraar
496 3341 580 3406 enim
598 3363 705 3406 semen
720 3343 788 3428 ejus
803 3342 969 3424 Dominus,
983 3347 1123 3414 ⁶solvens
1137 3350 1312 3432 avinculis,
1328 3363 1359 3419 et

203 3441 358 3506 advocans
375 3441 417 3506 cd
435 3442 578 3524 salutem,
599 3443 859 3528 quemadmodum
880 3446 955 3512 fecit
973 3448 1006 3512 in
1026 3451 1162 3531 muliere,
1179 3476 1247 3540 quae
1262 3458 1303 3521 ab
1322 3477 1360 3522 eo

203 3553 312 3610 curata
337 3553 396 3624 est,
421 3545 584 3612 manifeste
609 3545 717 3612 dicens
737 3546 786 3611 his
813 3548 866 3634 qui
880 3572 956 3636 ‘non
984 3553 1116 3619 similem
1142 3555 1281 3622 Abrahae
1304 3559 1360 3624 ha-

203 3647 319 3712 bebant
340 3647 452 3712 fidem:
485 3647 685 3734 Ἧρροσνίίσ,
709 3651 909 3737 acceptusque
940 3665 1071 3719 oestrum
1092 3656 1143 3720 die
1168 3657 1359 3724 saltator-roo
1371 3674 1421 3761 ppe-
1430 3675 1475 3716 ποι
1485 3677 1514 3723 1⁵,

252 3853 262 3884 ¹
279 3853 332 3903 'l'he
344 3853 444 3904 Gelan.
457 3854 513 3904 MS„
528 3855 618 3904 inserte
628 3855 669 3905 eia.
807 3859 960 3920 κληρονομία.

253 3932 265 3964 ¹
280 3935 370 3985 Mne.
379 3947 410 3984 11.
419 3934 474 3984 Dei.
492 3935 545 3984 'l'lre
552 3935 657 3999 reading
664 3935 758 3999 having
855 3937 866 3968 ⁵
883 3940 959 3988 λύσας
973 3941 999 3988 ἐκ
1016 3942 1116 4003 δεσμῶν,
1137 3943 1177 3992 κοί
1193 3947 1360 4008 συνηγορήσας

204 4015 265 4064 been
277 4015 385 4080 adopted
396 4015 461 4064 from
471 4015 516 4063 the
527 4014 618 4063 Seered
628 4015 700 4065 Text.
807 4018 848 4066 erl
859 4019 986 4081 σωτηρίαν.

252 4093 755 4158 ίώωωποροιισ,ιοδ1ιοοοσοκ.,Αο.,
855 4097 1021 4162 θΗρροονίοσ.
1035 4101 1360 4173 GaearcndMassprint

204 4175 285 4226 Voss.
305 4177 391 4237 MSS„
410 4177 457 4224 but
468 4175 562 4224 Gerar
581 4175 755 4237 incomptam.
805 4178 943 4241 lrypocrr'tae,
957 4181 1062 4232 because
1073 4183 1102 4232 οί
1114 4185 1157 4234 the
1168 4185 1207 4236 ta
1216 4190 1356 4256 preceding,

203 4260 256 4309 The
273 4261 356 4310 Greek
371 4259 477 4324 perhaps
494 4273 546 4318 ran,
567 4259 609 4306 καί
625 4259 757 4320 δπόκληροι
805 4261 853 4309 but
869 4262 912 4310 the
929 4263 1019 4327 eeying
1035 4265 1063 4314 of
1077 4281 1123 4315 our
1139 4266 1244 4318 Lordis
1263 4271 1360 4338 applied

203 4343 400 4404 τῆςδφθαρσίσς,
415 4342 561 4400 ἀθετοῦντες,
576 4340 650 4388 aab.
805 4341 960 4408 indefinitely
981 4349 1008 4393 te
1035 4346 1068 4395 all
1092 4348 1148 4397 who
1176 4352 1248 4400 stood
1270 4353 1295 4402 in
1317 4355 1360 4404 the

252 4419 754 4485 4κσίτδσπέρμσαίτοΰ,σὴνίκκλησίαν,
805 4429 1009 4492 samecategory.
1044 4429 1097 4478 me
1109 4431 1153 4480 Gr.
1170 4433 1215 4482 has
1232 4435 1355 4498 ὑποκριτά,

205 4503 234 4553 δι’
242 4505 329 4564 Ἰησοῦ
346 4506 459 4566 Χριστοῦ,
481 4502 501 4564 ᾧ
523 4505 563 4552 καί
582 4501 722 4552 ιίποδίδοτοι
741 4503 757 4562 ἡ
805 4505 849 4554 the
868 4505 923 4570 Syr.
940 4508 992 4558 alno
1009 4509 1055 4559 has
1072 4512 1115 4562 the
1132 4513 1244 4578 singular
1255 4511 1357 4561 afim-l

205 4585 318 4646 υίοθεσίο,
338 4586 378 4634 καί
391 4587 406 4645 ἠ
421 4586 457 4644 τῷ
471 4584 569 4648 ’Ᾰβρᾶμ
586 4584 758 4646 ίῒηῪῪθλίίθδ
805 4566 900 4663 lDl-‘J
924 4609 1132 4668 τροσωποληπτί.
1167 4609 1219 4658 The
1236 4608 1355 4670 virgata
