3334 5070
319 382 384 447 150
601 397 743 450 omnum
769 396 816 448 ur
841 396 969 448 nnana
995 397 1208 450 ranusiuur

179 569 232 654 mp.
243 569 282 654 pv.
318 549 475 636 dillpentec
488 569 626 625 manera,
641 557 784 613 nonem
798 546 1032 624 renationem,
1038 547 1174 634 pupillis
1184 569 1243 614 non
1247 549 1433 634 judicantes,
1446 559 1475 614 ot

167 645 293 749 ffilsi'ip
310 653 467 739 ybdioinm
477 652 642 717 oidnarnm
654 675 712 717 non
720 653 910 718 attendentes.
945 651 989 716 Et
1001 651 1181 719 Hieremias
1194 663 1300 720 autem
1314 653 1471 720 similiter:

204 756 253 796 lli
322 756 384 835 Qm'
397 765 549 842 praecreat,
574 755 685 843 inquit,
695 755 810 841 popnlo
828 777 900 834 meo,
922 778 969 819 me
991 755 1179 822 nesciebant:
1194 757 1262 839 filli
1281 757 1427 822 insensati
1446 765 1474 820 et

154 867 197 906 Μ·
206 867 234 904 1'·
242 867 273 906 Β·
320 859 525 946 imprudentes
538 860 775 945 contemnentes
788 867 858 924 som
874 861 909 923 n'n
923 857 1152 944 malefaciendo,
1169 859 1353 926 tentantem
1363 863 1474 945 secere

320 985 378 1028 non
393 973 599 1052 copnooernnt.

385 1071 415 1133 2.
464 1069 625 1154 Quotquot
651 1073 758 1130 autem
777 1065 930 1131 timebant
950 1066 1064 1144 Deum,
1083 1075 1116 1131 et
1136 1065 1262 1131 solliciti
1282 1074 1372 1131 erant
1390 1067 1473 1132 circa

318 1168 420 1257 legem
435 1171 513 1256 ejus,
529 1168 589 1255 ipsi
604 1177 843 1236 accucurrerunt
856 1169 991 1248 Christo,
1006 1176 1039 1233 et
1053 1168 1163 1234 salvati
1182 1177 1256 1234 sunt
1270 1191 1393 1234 omnes:
1410 1169 1470 1248 Ite,

154 1292 273 1333 uma-s
318 1274 403 1339 enim
425 1274 526 1361 inquit
540 1272 708 1360 discipulis,
732 1272 778 1336 od
793 1294 859 1337 eoos
881 1295 950 1359 qna
964 1273 1131 1358 potierant
1150 1272 1254 1336 donnas
1275 1271 1384 1336 Israel.
1426 1271 1471 1336 Et

321 1376 486 1442 Samaritae
501 1384 617 1454 antem,
633 1375 744 1462 inquit,
763 1397 834 1440 cum
849 1375 1014 1440 mansisset
1030 1373 1186 1440 Dominus
1200 1373 1284 1460 apud
1298 1396 1352 1440 sos
1366 1373 1470 1452 biduo,

154 1499 203 1586 {pu
213 1499 241 1538 u·
251 1497 281 1545 ⁴1.
319 1481 412 1545 mnlto
423 1481 532 1566 plnres
546 1480 741 1545 crediderunt
755 1489 884 1566 propter
896 1501 1041 1544 sermones
1055 1478 1127 1564 ejna
1145 1488 1172 1542 et
1186 1479 1310 1542 mulieri
1324 1477 1471 1556 dicebant,

318 1583 396 1647 Jaen
410 1606 469 1648 non
485 1593 614 1669 proptor
629 1593 714 1648 tnam
734 1582 881 1668 monetans
900 1581 1067 1645 credimus:
1091 1581 1152 1666 ipsi
1171 1581 1267 1644 ¹om‘m
1286 1581 1471 1658 andivimus,

321 1695 350 1750 et
362 1687 470 1750 sdinm
483 1687 625 1772 qnmiam
638 1685 687 1748 tn
702 1693 744 1748 eet
757 1706 826 1748 nere
841 1683 985 1748 Salvator
1004 1683 1122 1748 mnndi.
1174 1681 1218 1747 Et
1234 1682 1352 1747 Paulus
1366 1691 1471 1747 autem

155 1804 294 1892 midde
319 1789 380 1854 ait:
405 1789 449 1854 tt
469 1790 513 1854 sic
544 1789 638 1852 onmis
657 1787 761 1852 Israel
783 1787 964 1854 calcabitur.
1009 1786 1124 1852 Sedet
1147 1786 1247 1874 legem
1266 1786 1472 1874 paedagogum

196 1883 198 1888 ’
233 1879 238 1890 ’
319 1900 461 1956 nostrum
475 1891 508 1955 in
523 1890 705 1956 ²(lhristum
720 1889 833 1955 lesum
847 1889 939 1956 dixit.
984 1887 1057 1953 Non
1071 1911 1146 1976 ergo
1159 1889 1351 1976 quorundam
1364 1889 1472 1954 infide-

319 1994 441 2059 litatem
463 1993 525 2082 legi
545 1993 741 2059 adscribant:
772 2015 836 2058 non
850 1993 934 2058 enim
948 1991 999 2058 lex
1016 1991 1201 2077 prohibebat
1219 2013 1273 2057 eos
1293 1991 1418 2058 eredere
1439 1992 1472 2056 in

154 2119 219 2160 uum.
228 2119 298 2160 nis
321 2095 438 2162 Filium
446 2097 517 2175 Dei,
527 2097 582 2162 sed
596 2103 629 2162 et
642 2096 876 2174 adhortabatur,
886 2095 1002 2174 dicens,
1012 2099 1094 2160 ⁸non
1104 2095 1196 2160 aliter
1204 2094 1316 2160 salvari
1330 2095 1472 2160 homines

319 2201 360 2266 ab
386 2200 514 2286 antiqua
537 2199 690 2286 serpentis
712 2199 815 2288 plaga,
836 2199 895 2264 nisi
919 2199 1047 2264 credant
1067 2197 1100 2262 in
1121 2221 1203 2278 eum,
1228 2198 1280 2286 qui
1301 2199 1472 2264 secundum

152 2323 287 2412 pmnp
320 2303 554 2368 similitudinem
572 2302 674 2368 carnis
692 2301 812 2391 peccati
833 2303 866 2366 in
885 2303 970 2390 ligno
990 2301 1130 2388 martyrii
1154 2301 1312 2367 exaltatur
1335 2324 1356 2368 a
1377 2311 1470 2382 terra,

132 2435 138 2448 ·
233 2395 239 2408 ⁸
271 2400 277 2410 ’
319 2417 352 2474 et
366 2407 485 2474 ⁴‘omnia
499 2407 596 2474 trahit
610 2407 650 2473 ad
664 2429 709 2485 se,
725 2415 758 2473 et
772 2406 907 2472 vivificat
921 2413 1072 2470 mortuos.

383 2515 415 2579 3.
461 2512 614 2595 Quoniam
629 2512 837 2599 malignantes
850 2511 974 2576 dicunt:
992 2510 1019 2575 si
1034 2509 1118 2576 enim
1132 2499 1246 2576 coelum
1260 2509 1392 2576 thronus
1408 2511 1468 2576 Dei
1483 2535 1508 2576 o.
1518 2537 1561 2582 ns

319 2621 377 2693 est,
393 2623 425 2680 et
440 2625 523 2681 terra
537 2615 767 2701 suppedaneum
782 2615 860 2700 ejus,
876 2614 995 2679 dictum
1010 2619 1058 2678 est
1073 2620 1179 2677 autem
1188 2615 1345 2700 praeterire
1357 2615 1471 2680 coelum

154 2734 295 2776 aunuum
317 2727 350 2784 et
373 2726 498 2798 terram,
527 2719 636 2804 hisque
659 2717 916 2803 pretereuntibus
938 2721 1096 2801 ⁵oportere
1120 2714 1216 2780 etiam
1249 2715 1331 2782 hunc
1356 2717 1469 2796 Deum,

317 2820 370 2906 qui
389 2843 482 2905 super
496 2819 614 2898 sedeat,
635 2819 811 2906 praeterire;
832 2827 865 2882 et
884 2818 954 2882 ideo
974 2839 1037 2881 non
1051 2818 1135 2883 huno
1150 2840 1219 2883 esse
1234 2819 1338 2884 Deum
1354 2820 1407 2906 qui
1428 2819 1470 2884 sit

316 2944 410 3006 super
431 2922 554 2998 omnia;
587 2922 687 3006 primo
709 2923 832 3008 quidem
859 2920 1002 2986 nesciunt
1024 2921 1100 3007 quid
1125 2921 1167 2986 sit
1192 2921 1305 2986 coelum
1328 2921 1468 3000 thronus,

317 3033 350 3090 et
375 3033 459 3090 terra
483 3025 724 3111 suppedaneum.
777 3023 844 3090 Neo
873 3023 956 3088 enim
982 3023 1086 3088 sciunt
1113 3024 1188 3110 quid
1213 3025 1255 3088 sit
1285 3024 1383 3104 Deus,
1413 3025 1470 3090 sed

317 3135 429 3217 putant
443 3125 532 3192 ⁶eum
546 3149 632 3194 more
649 3127 784 3193 hominis
801 3127 918 3206 sedere,
938 3133 971 3192 et
990 3126 1150 3208 contineri,
1171 3148 1234 3192 non
1245 3133 1350 3194 autem
1371 3128 1469 3194 conti-

366 3320 377 3353 ¹
389 3321 484 3370 Gnatis
492 3319 581 3369 inserts
592 3319 655 3368 entim
663 3319 727 3367 from
739 3319 782 3368 the
787 3319 868 3367 Voss.
915 3318 941 3366 in
958 3317 1026 3382 ligno
1046 3317 1159 3382 martyrii
1177 3317 1301 3368 exaltatus
1319 3333 1335 3367 a
1351 3323 1426 3379 terra,
1444 3323 1470 3367 et

317 3403 440 3464 nimbus
450 3403 471 3451 it
481 3402 503 3450 is
513 3401 651 3451 alnofound
662 3401 687 3450 in
698 3401 741 3450 the
753 3401 868 3451 Cusum:
915 3400 1000 3449 omnia
1015 3400 1094 3448 traxit
1109 3399 1142 3448 ad
1157 3415 1191 3460 se,
1210 3405 1235 3449 st
1251 3401 1388 3450 vivificavit
1403 3417 1468 3449 mor·

318 3488 361 3538 the
372 3487 417 3536 Gr.
431 3485 590 3551 '1'.sndSyr.
604 3485 708 3534 confirm
719 3485 748 3535 it.
914 3487 979 3531 tuos.
997 3481 1117 3530 Fausta.
1149 3481 1202 3530 The
1219 3482 1268 3532 last
1282 3483 1363 3532 words
1377 3489 1397 3532 ct
1409 3483 1469 3531 uici·

366 3567 378 3601 ¹
396 3569 519 3619 andnam
535 3569 556 3618 ia
571 3567 658 3633 placed
670 3567 725 3616 first
738 3583 766 3616 ω
782 3567 809 3616 in
825 3567 869 3616 che
910 3561 969 3623 fleat
980 3567 1092 3623 omnimo,
1106 3577 1147 3610 aro
1159 3562 1263 3612 omitted
1274 3564 1300 3612 in
1312 3565 1355 3612 the
1366 3563 1466 3612 Cursu.

318 3653 462 3702 omnnem
474 3667 553 3716 oopy;
569 3651 679 3716 possibly
691 3651 775 3702 Jceann
788 3666 838 3699 was
853 3666 869 3699 a
915 3641 974 3691 MS·

317 3734 469 3798 subsequent
480 3732 599 3782 addition.
963 3723 975 3756 ⁴
992 3724 1083 3773 Omnia
1095 3725 1173 3773 trahit
1191 3725 1223 3774 ad
1241 3743 1274 3776 se.
1309 3727 1346 3776 Ex
1361 3726 1404 3776 bot
1419 3726 1469 3776 loco

366 3815 377 3848 ³
393 3817 454 3866 Non
481 3816 553 3866 aliter
579 3815 677 3866 salvari,
716 3815 870 3878 ,tummim
915 3805 981 3871 [etp.
994 3804 1048 3870 88,]
1060 3805 1150 3868 cadmo,
1162 3807 1292 3870 Irennnm,
1305 3825 1354 3858 non
1366 3809 1465 3870 πάντας,

315 3913 363 3961 pro
373 3898 502 3948 aneton
509 3897 601 3961 peccati
611 3897 742 3960 mnpinclis
752 3897 869 3946 adommin
913 3887 955 3937 ted
967 3889 1047 3936 πάντα
1058 3889 1146 3950 lecim
1161 3891 1277 3953 attenedo
1288 3899 1309 3940 et
1320 3891 1368 3942 alii
1383 3891 1470 3941 Patres

316 3977 450 4028 Minoem
471 3976 635 4038 Pelopiannm
657 3976 785 4036 montana
805 3975 870 4023 inter
915 3986 945 4019 ac
963 3969 1059 4019 Ocalea
1072 3971 1144 4022 MSS.
1161 3972 1254 4024 babent.
1279 3975 1381 4026 Gitana.
1416 3977 1469 4025 The

317 4057 430 4106 undecim
442 4057 547 4106 Puteum
558 4057 722 4118 antiqnimnm
732 4056 867 4116 sententias,
916 4051 1002 4116 Syriae
1022 4068 1100 4102 seems
1117 4057 1145 4101 to
1164 4054 1228 4102 have
1244 4056 1303 4104 read
1318 4057 1406 4117 edura,
1423 4057 1469 4106 but

317 4136 538 4230 wlfwini
555 4135 662 4199 ‘'Wmii'
681 4135 753 4198 'iujai
770 4137 816 4186 Μ
832 4137 870 4185 aa
914 4176 1014 4226 rendere
1029 4176 1051 4226 it
1066 4193 1093 4226 as
1106 4177 1150 4226 the
1161 4191 1236 4224 masc.
1250 4176 1313 4240 sing.
1327 4151 1467 4238 ὼ

316 4225 425 4266 memtnn
442 4217 496 4266 me.
513 4231 532 4266 1.
549 4234 603 4280 cop.
621 4233 644 4267 a.
673 4217 784 4267 Irenaeus
801 4217 869 4282 Lug·

317 4297 435 4346 dunensis
452 4298 599 4362 Episcopus,
619 4315 669 4347 non
690 4300 761 4363 longe
778 4316 792 4348 a
808 4304 869 4348 tem·
914 4290 1111 4340 mmmm

317 4379 419 4442 metus
430 4378 608 4441 Apostolorum
618 4379 675 4428 ruit.
704 4379 806 4440 mesic,
816 4397 867 4429 non
962 4369 1226 4434 ⁵oponm,cn.‚sn.
1239 4367 1465 4418 advocantes.

317 4460 389 4508 aliter
405 4459 495 4506 salvari
514 4459 625 4508 homines
646 4461 678 4508 ab
699 4463 803 4526 antiqua
820 4479 869 4510 ser·
915 4450 982 4500 Em³·
995 4453 1153 4502 wlierlhffl
1165 4453 1268 4512 GBABB,
1281 4457 1377 4514 OPOM·

317 4540 399 4604 pontis
414 4539 495 4602 plaga,
509 4539 557 4587 nisi
573 4539 675 4588 credant
693 4541 720 4588 in
739 4558 804 4602 eum,
824 4543 867 4606 qui
963 4541 974 4574 ⁰
990 4559 1051 4592 esem.
1080 4543 1140 4592 This
1152 4543 1220 4593 word
1234 4545 1255 4593 is
1269 4545 1375 4594 omitted
1387 4545 1412 4594 in
1424 4543 1467 4594 the

318 4619 453 4669 monadum
469 4619 655 4668 similitudinem
673 4623 754 4670 carnis
772 4623 867 4686 peccati
914 4624 1013 4673 Curru.
1027 4623 1084 4673 MS
