<?xml version="1.0" encoding="UTF-8"?>
<!DOCTYPE html PUBLIC "-//W3C//DTD XHTML 1.0 Transitional//EN"
    "http://www.w3.org/TR/xhtml1/DTD/xhtml1-transitional.dtd">
<html xmlns="http://www.w3.org/1999/xhtml" xml:lang="en" lang="en">
 <head>
  <title>
</title>
<meta http-equiv="Content-Type" content="text/html;charset=utf-8" />
  <meta name='ocr-system' content='tesseract 3.04.00' />
  <meta name='ocr-capabilities' content='ocr_page ocr_carea ocr_par ocr_line ocrx_word'/>
</head>
<body>
  <div class='ocr_page' id='page_1' title='image "./sanctiirenaeili00irengoog_0113.png"; bbox 0 0 3334 5070; ppageno 0'>
   <div class='ocr_carea' id='block_1_1' title="bbox 323 317 1088 384">
    <p class='ocr_par' dir='ltr' id='par_1_1' title="bbox 323 317 1088 384">
     <span class='ocr_line' id='line_1_1' title="bbox 323 317 1088 384; baseline -0.001 -3"><span class='ocrx_word' id='word_1_1' title='bbox 323 317 388 384; x_wconf 79' lang='lat'><strong>102</strong></span> <span class='ocrx_word' id='word_1_2' title='bbox 713 329 865 384; x_wconf 82' lang='lat' dir='ltr'><strong>cuarsm</strong></span> <span class='ocrx_word' id='word_1_3' title='bbox 888 327 1088 382; x_wconf 81' lang='lat' dir='ltr'><strong>mvrumas</strong></span> 
     </span>
    </p>
   </div>
   <div class='ocr_carea' id='block_1_2' title="bbox 159 485 1473 594">
    <p class='ocr_par' dir='ltr' id='par_1_2' title="bbox 159 485 1473 594">
     <span class='ocr_line' id='line_1_2' title="bbox 159 485 1473 594; baseline -0.005 -31"><span class='ocrx_word' id='word_1_4' title='bbox 159 509 309 594; x_wconf 51' lang='lat' dir='ltr'><strong>&amp;mg-¹¹¹·</strong></span> <span class='ocrx_word' id='word_1_5' title='bbox 324 495 357 562; x_wconf 83' lang='lat' dir='ltr'><strong>oi</strong></span> <span class='ocrx_word' id='word_1_6' title='bbox 374 491 511 577; x_wconf 64' lang='grc' dir='ltr'><strong>πολλοὶ,</strong></span> <span class='ocrx_word' id='word_1_7' title='bbox 529 490 581 562; x_wconf 80' lang='lat' dir='ltr'><strong>rol</strong></span> <span class='ocrx_word' id='word_1_8' title='bbox 601 490 779 580; x_wconf 71' lang='grc' dir='ltr'>ἀπέβαλον</span> <span class='ocrx_word' id='word_1_9' title='bbox 798 491 858 574; x_wconf 69' lang='grc' dir='ltr'><strong>τὴν</strong></span> <span class='ocrx_word' id='word_1_10' title='bbox 876 489 967 592; x_wconf 77' lang='grc' dir='ltr'><em>ζωήν·</em></span> <span class='ocrx_word' id='word_1_11' title='bbox 994 485 1095 568; x_wconf 68' lang='grc' dir='ltr'>οὕτως</span> <span class='ocrx_word' id='word_1_12' title='bbox 1117 487 1178 560; x_wconf 74' lang='grc' dir='ltr'><strong>ἔδει</strong></span> <span class='ocrx_word' id='word_1_13' title='bbox 1201 488 1255 560; x_wconf 78' lang='lat' dir='ltr'><strong>roi</strong></span> <span class='ocrx_word' id='word_1_14' title='bbox 1273 485 1311 558; x_wconf 79' lang='grc' dir='ltr'><strong>δι’</strong></span> <span class='ocrx_word' id='word_1_15' title='bbox 1331 485 1473 569; x_wconf 74' lang='grc' dir='ltr'>ὑπακοῆς</span> 
     </span>
    </p>
   </div>
   <div class='ocr_carea' id='block_1_3' title="bbox 165 596 1473 703">
    <p class='ocr_par' dir='ltr' id='par_1_3' title="bbox 165 596 1473 703">
     <span class='ocr_line' id='line_1_3' title="bbox 165 596 1473 703; baseline -0.006 -25"><span class='ocrx_word' id='word_1_16' title='bbox 165 601 306 686; x_wconf 55' lang='grc' dir='ltr'><strong>Ἆέἕὶῗίῗ</strong></span> <span class='ocrx_word' id='word_1_17' title='bbox 324 603 392 682; x_wconf 77' lang='grc' dir='ltr'>ἑνὸς</span> <span class='ocrx_word' id='word_1_18' title='bbox 410 605 592 703; x_wconf 77' lang='grc' dir='ltr'><em>ἆνθρῶπου,</em></span> <span class='ocrx_word' id='word_1_19' title='bbox 617 609 680 676; x_wconf 80' lang='grc' dir='ltr'><strong>τοῦ</strong></span> <span class='ocrx_word' id='word_1_20' title='bbox 700 604 838 703; x_wconf 75' lang='grc' dir='ltr'>πρώτως</span> <span class='ocrx_word' id='word_1_21' title='bbox 857 605 892 674; x_wconf 77' lang='grc' dir='ltr'><strong>ἐκ</strong></span> <span class='ocrx_word' id='word_1_22' title='bbox 915 603 1081 702; x_wconf 75' lang='grc' dir='ltr'>παρθένου</span> <span class='ocrx_word' id='word_1_23' title='bbox 1098 601 1325 694; x_wconf 74' lang='grc' dir='ltr'><strong>γεγενημένου,</strong></span> <span class='ocrx_word' id='word_1_24' title='bbox 1345 596 1473 670; x_wconf 74' lang='grc' dir='ltr'><strong>δικαιω-</strong></span> 
     </span>
    </p>
   </div>
   <div class='ocr_carea' id='block_1_4' title="bbox 160 695 1135 816">
    <p class='ocr_par' dir='ltr' id='par_1_4' title="bbox 160 695 1135 816">
     <span class='ocr_line' id='line_1_4' title="bbox 192 695 1086 742; baseline -0.008 -10"><span class='ocrx_word' id='word_1_25' title='bbox 192 695 250 732; x_wconf 76' lang='lat' dir='ltr'><strong>ulit.</strong></span> <span class='ocrx_word' id='word_1_26' title='bbox 259 695 277 738; x_wconf 80' lang='grc'><strong>7.</strong></span> <span class='ocrx_word' id='word_1_27' title='bbox 349 725 364 742; x_wconf 47' lang='grc' dir='ltr'><strong>Α</strong></span> <span class='ocrx_word' id='word_1_28' title='bbox 553 715 562 742; x_wconf 52' lang='lat'>3</span> <span class='ocrx_word' id='word_1_29' title='bbox 641 717 650 741; x_wconf 48' lang='lat'>2</span> <span class='ocrx_word' id='word_1_30' title='bbox 678 717 686 741; x_wconf 73' lang='grc'>,</span> <span class='ocrx_word' id='word_1_31' title='bbox 832 726 845 740; x_wconf 49' lang='grc' dir='ltr'><strong>Ι,</strong></span> <span class='ocrx_word' id='word_1_32' title='bbox 908 716 916 740; x_wconf 56' lang='grc'>,</span> <span class='ocrx_word' id='word_1_33' title='bbox 1078 716 1086 742; x_wconf 57' lang='grc' dir='ltr'><strong><em>Ι</em></strong></span> 
     </span>
     <span class='ocr_line' id='line_1_5' title="bbox 160 717 1135 816; baseline -0.006 -25"><span class='ocrx_word' id='word_1_34' title='bbox 160 767 301 777; x_wconf 89' lang='grc'><strong>--</strong></span> <span class='ocrx_word' id='word_1_35' title='bbox 325 722 414 800; x_wconf 84' lang='grc' dir='ltr'><em>θηναι</em></span> <span class='ocrx_word' id='word_1_36' title='bbox 433 724 581 794; x_wconf 72' lang='grc' dir='ltr'>πολλους</span> <span class='ocrx_word' id='word_1_37' title='bbox 597 747 651 787; x_wconf 79' lang='grc' dir='ltr'><strong>και</strong></span> <span class='ocrx_word' id='word_1_38' title='bbox 670 717 860 804; x_wconf 79' lang='grc' dir='ltr'>απολαβειν</span> <span class='ocrx_word' id='word_1_39' title='bbox 879 747 940 798; x_wconf 82' lang='grc' dir='ltr'><strong>την</strong></span> <span class='ocrx_word' id='word_1_40' title='bbox 958 745 1135 816; x_wconf 71' lang='lat' dir='ltr'><strong>europaeo.</strong></span> 
     </span>
    </p>
   </div>
   <div class='ocr_carea' id='block_1_5' title="bbox 156 902 1474 1814">
    <p class='ocr_par' dir='ltr' id='par_1_5' title="bbox 322 902 1472 1198">
     <span class='ocr_line' id='line_1_6' title="bbox 322 902 1472 990; baseline -0.003 -20"><span class='ocrx_word' id='word_1_41' title='bbox 322 905 397 971; x_wconf 83' lang='lat' dir='ltr'><strong>laeti</strong></span> <span class='ocrx_word' id='word_1_42' title='bbox 418 914 493 972; x_wconf 84' lang='lat' dir='ltr'><strong>eunt</strong></span> <span class='ocrx_word' id='word_1_43' title='bbox 513 904 614 984; x_wconf 91' lang='lat' dir='ltr'><strong>multi,</strong></span> <span class='ocrx_word' id='word_1_44' title='bbox 636 913 670 970; x_wconf 84' lang='lat' dir='ltr'><strong>et</strong></span> <span class='ocrx_word' id='word_1_45' title='bbox 692 905 864 971; x_wconf 89' lang='lat' dir='ltr'><strong>amiserunt</strong></span> <span class='ocrx_word' id='word_1_46' title='bbox 886 906 1004 982; x_wconf 85' lang='lat' dir='ltr'><strong>vitam;</strong></span> <span class='ocrx_word' id='word_1_47' title='bbox 1032 905 1078 971; x_wconf 83' lang='lat' dir='ltr'><strong>ita</strong></span> <span class='ocrx_word' id='word_1_48' title='bbox 1098 903 1236 990; x_wconf 86' lang='lat' dir='ltr'><strong>oportuit</strong></span> <span class='ocrx_word' id='word_1_49' title='bbox 1261 909 1295 969; x_wconf 89' lang='lat' dir='ltr'><strong>et</strong></span> <span class='ocrx_word' id='word_1_50' title='bbox 1320 923 1376 988; x_wconf 87' lang='lat' dir='ltr'><strong>per</strong></span> <span class='ocrx_word' id='word_1_51' title='bbox 1401 902 1472 967; x_wconf 76' lang='lat' dir='ltr'><strong>obe</strong></span> 
     </span>
     <span class='ocr_line' id='line_1_7' title="bbox 322 1005 1472 1096; baseline -0.003 -24"><span class='ocrx_word' id='word_1_52' title='bbox 322 1009 471 1075; x_wconf 88' lang='lat' dir='ltr'><strong>dientiam</strong></span> <span class='ocrx_word' id='word_1_53' title='bbox 491 1008 583 1072; x_wconf 88' lang='lat' dir='ltr'><strong>unius</strong></span> <span class='ocrx_word' id='word_1_54' title='bbox 607 1007 751 1086; x_wconf 89' lang='lat' dir='ltr'><strong>hominia,</strong></span> <span class='ocrx_word' id='word_1_55' title='bbox 774 1008 827 1096; x_wconf 90' lang='lat' dir='ltr'><strong>qui</strong></span> <span class='ocrx_word' id='word_1_56' title='bbox 849 1009 968 1094; x_wconf 82' lang='lat' dir='ltr'><strong>primus</strong></span> <span class='ocrx_word' id='word_1_57' title='bbox 993 1012 1049 1074; x_wconf 87' lang='lat' dir='ltr'><strong>¹ex</strong></span> <span class='ocrx_word' id='word_1_58' title='bbox 1071 1007 1189 1095; x_wconf 83' lang='lat' dir='ltr'><strong>virgine</strong></span> <span class='ocrx_word' id='word_1_59' title='bbox 1211 1015 1304 1071; x_wconf 88' lang='lat' dir='ltr'><strong>natus</strong></span> <span class='ocrx_word' id='word_1_60' title='bbox 1325 1014 1384 1084; x_wconf 90' lang='lat' dir='ltr'><strong>est,</strong></span> <span class='ocrx_word' id='word_1_61' title='bbox 1403 1005 1472 1090; x_wconf 87' lang='lat' dir='ltr'><strong>jus-</strong></span> 
     </span>
     <span class='ocr_line' id='line_1_8' title="bbox 322 1107 1471 1198; baseline -0.005 -20"><span class='ocrx_word' id='word_1_62' title='bbox 322 1112 434 1178; x_wconf 86' lang='lat' dir='ltr'><strong>tificari</strong></span> <span class='ocrx_word' id='word_1_63' title='bbox 456 1111 582 1190; x_wconf 87' lang='lat' dir='ltr'><strong>multos,</strong></span> <span class='ocrx_word' id='word_1_64' title='bbox 608 1119 641 1176; x_wconf 90' lang='lat' dir='ltr'><strong>et</strong></span> <span class='ocrx_word' id='word_1_65' title='bbox 666 1112 823 1198; x_wconf 78' lang='lat' dir='ltr'><strong>percipere</strong></span> <span class='ocrx_word' id='word_1_66' title='bbox 845 1113 989 1178; x_wconf 87' lang='lat' dir='ltr'><strong>salutem.</strong></span> <span class='ocrx_word' id='word_1_67' title='bbox 1043 1112 1096 1178; x_wconf 89' lang='lat' dir='ltr'><strong>Sic</strong></span> <span class='ocrx_word' id='word_1_68' title='bbox 1120 1110 1216 1198; x_wconf 85' lang='lat' dir='ltr'><strong>igitur</strong></span> <span class='ocrx_word' id='word_1_69' title='bbox 1242 1109 1384 1174; x_wconf 87' lang='lat' dir='ltr'><strong>Verbum</strong></span> <span class='ocrx_word' id='word_1_70' title='bbox 1410 1107 1471 1174; x_wconf 87' lang='lat' dir='ltr'><strong>Dei</strong></span> 
     </span>
    </p>

    <p class='ocr_par' dir='ltr' id='par_1_6' title="bbox 156 1213 1474 1814">
     <span class='ocr_line' id='line_1_9' title="bbox 156 1213 1473 1314; baseline -0.002 -34"><span class='ocrx_word' id='word_1_71' title='bbox 156 1229 221 1314; x_wconf 65' lang='lat' dir='ltr'><strong>pem</strong></span> <span class='ocrx_word' id='word_1_72' title='bbox 231 1229 297 1269; x_wconf 73' lang='lat' dir='ltr'><strong>mu</strong></span> <span class='ocrx_word' id='word_1_73' title='bbox 323 1215 416 1280; x_wconf 92' lang='lat' dir='ltr'><strong>homo</strong></span> <span class='ocrx_word' id='word_1_74' title='bbox 431 1215 533 1280; x_wconf 78' lang='lat' dir='ltr'><strong>lectus</strong></span> <span class='ocrx_word' id='word_1_75' title='bbox 546 1221 605 1292; x_wconf 86' lang='lat' dir='ltr'><strong>est,</strong></span> <span class='ocrx_word' id='word_1_76' title='bbox 621 1214 880 1300; x_wconf 87' lang='lat' dir='ltr'><strong>quamadmodum</strong></span> <span class='ocrx_word' id='word_1_77' title='bbox 894 1223 927 1280; x_wconf 87' lang='lat' dir='ltr'><strong>et</strong></span> <span class='ocrx_word' id='word_1_78' title='bbox 943 1215 1072 1302; x_wconf 76' lang='lat' dir='ltr'><strong>Moyses</strong></span> <span class='ocrx_word' id='word_1_79' title='bbox 1085 1214 1149 1279; x_wconf 87' lang='lat' dir='ltr'><strong>ait:</strong></span> <span class='ocrx_word' id='word_1_80' title='bbox 1173 1213 1268 1292; x_wconf 80' lang='lat' dir='ltr'><strong>Deae,</strong></span> <span class='ocrx_word' id='word_1_81' title='bbox 1287 1234 1360 1278; x_wconf 75' lang='lat' dir='ltr'><strong>veru</strong></span> <span class='ocrx_word' id='word_1_82' title='bbox 1380 1233 1473 1298; x_wconf 74' lang='lat' dir='ltr'><strong>opero</strong></span> 
     </span>
     <span class='ocr_line' id='line_1_10' title="bbox 323 1314 1474 1403; baseline -0.003 -21"><span class='ocrx_word' id='word_1_83' title='bbox 323 1317 395 1400; x_wconf 76' lang='lat' dir='ltr'><strong>ey&#39;ua</strong></span> <span class='ocrx_word' id='word_1_84' title='bbox 453 1315 487 1380; x_wconf 92' lang='lat' dir='ltr'><strong>Si</strong></span> <span class='ocrx_word' id='word_1_85' title='bbox 508 1323 615 1380; x_wconf 91' lang='lat' dir='ltr'><strong>autem</strong></span> <span class='ocrx_word' id='word_1_86' title='bbox 634 1337 698 1380; x_wconf 92' lang='lat' dir='ltr'><strong>non</strong></span> <span class='ocrx_word' id='word_1_87' title='bbox 720 1315 822 1382; x_wconf 81' lang='lat' dir='ltr'><strong>iaetus</strong></span> <span class='ocrx_word' id='word_1_88' title='bbox 844 1337 917 1383; x_wconf 88' lang='lat' dir='ltr'><strong>caro</strong></span> <span class='ocrx_word' id='word_1_89' title='bbox 938 1318 1083 1403; x_wconf 69' lang='lat' dir='ltr'><strong>²parebat</strong></span> <span class='ocrx_word' id='word_1_90' title='bbox 1109 1314 1196 1400; x_wconf 89' lang='lat' dir='ltr'><strong>quasi</strong></span> <span class='ocrx_word' id='word_1_91' title='bbox 1220 1335 1302 1392; x_wconf 84' lang='lat' dir='ltr'><strong>caro,</strong></span> <span class='ocrx_word' id='word_1_92' title='bbox 1320 1335 1384 1380; x_wconf 91' lang='lat' dir='ltr'><strong>uon</strong></span> <span class='ocrx_word' id='word_1_93' title='bbox 1405 1322 1474 1378; x_wconf 85' lang='lat' dir='ltr'><strong>erat</strong></span> 
     </span>
     <span class='ocr_line' id='line_1_11' title="bbox 322 1416 1472 1505; baseline -0.003 -21"><span class='ocrx_word' id='word_1_94' title='bbox 322 1441 428 1485; x_wconf 87' lang='lat' dir='ltr'><strong>verum</strong></span> <span class='ocrx_word' id='word_1_95' title='bbox 454 1439 533 1503; x_wconf 86' lang='lat' dir='ltr'><strong>opus</strong></span> <span class='ocrx_word' id='word_1_96' title='bbox 558 1419 637 1504; x_wconf 85' lang='lat' dir='ltr'><strong>ejue.</strong></span> <span class='ocrx_word' id='word_1_97' title='bbox 683 1417 775 1500; x_wconf 77' lang='lat' dir='ltr'><strong>Quod</strong></span> <span class='ocrx_word' id='word_1_98' title='bbox 802 1427 909 1484; x_wconf 82' lang='lat' dir='ltr'><strong>autem</strong></span> <span class='ocrx_word' id='word_1_99' title='bbox 933 1419 1089 1505; x_wconf 70' lang='lat' dir='ltr'><strong>&#39;parebat</strong></span> <span class='ocrx_word' id='word_1_100' title='bbox 1112 1418 1172 1484; x_wconf 88' lang='lat' dir='ltr'><strong>hoe</strong></span> <span class='ocrx_word' id='word_1_101' title='bbox 1199 1427 1232 1484; x_wconf 91' lang='lat' dir='ltr'><strong>et</strong></span> <span class='ocrx_word' id='word_1_102' title='bbox 1253 1425 1340 1493; x_wconf 85' lang='lat' dir='ltr'><strong>erat;</strong></span> <span class='ocrx_word' id='word_1_103' title='bbox 1373 1416 1472 1495; x_wconf 90' lang='lat' dir='ltr'><strong>Deus,</strong></span> 
     </span>
     <span class='ocr_line' id='line_1_12' title="bbox 321 1519 1474 1608; baseline 0 -24"><span class='ocrx_word' id='word_1_104' title='bbox 321 1521 457 1586; x_wconf 86' lang='lat' dir='ltr'><strong>hominis</strong></span> <span class='ocrx_word' id='word_1_105' title='bbox 477 1519 638 1608; x_wconf 84' lang='lat' dir='ltr'><strong>antiquam</strong></span> <span class='ocrx_word' id='word_1_106' title='bbox 657 1519 895 1605; x_wconf 74' lang='lat' dir='ltr'><strong>plasmationem</strong></span> <span class='ocrx_word' id='word_1_107' title='bbox 913 1520 946 1585; x_wconf 93' lang='lat' dir='ltr'><strong>in</strong></span> <span class='ocrx_word' id='word_1_108' title='bbox 967 1543 1002 1586; x_wconf 87' lang='lat' dir='ltr'><strong>se</strong></span> <span class='ocrx_word' id='word_1_109' title='bbox 1020 1521 1238 1607; x_wconf 82' lang='lat' dir='ltr'><strong>recapitulans,</strong></span> <span class='ocrx_word' id='word_1_110' title='bbox 1262 1529 1298 1585; x_wconf 94' lang='lat' dir='ltr'><strong>ut</strong></span> <span class='ocrx_word' id='word_1_111' title='bbox 1319 1519 1474 1585; x_wconf 83' lang='lat' dir='ltr'><strong>occideret</strong></span> 
     </span>
     <span class='ocr_line' id='line_1_13' title="bbox 322 1613 1473 1710; baseline -0.002 -22"><span class='ocrx_word' id='word_1_112' title='bbox 322 1623 448 1710; x_wconf 87' lang='lat' dir='ltr'><strong>quidem</strong></span> <span class='ocrx_word' id='word_1_113' title='bbox 469 1629 643 1709; x_wconf 83' lang='lat' dir='ltr'><strong>peccatum,</strong></span> <span class='ocrx_word' id='word_1_114' title='bbox 662 1630 827 1689; x_wconf 80' lang='lat' dir='ltr'><strong>evacuaret</strong></span> <span class='ocrx_word' id='word_1_115' title='bbox 849 1632 955 1688; x_wconf 88' lang='lat' dir='ltr'><strong>autem</strong></span> <span class='ocrx_word' id='word_1_116' title='bbox 978 1631 1121 1704; x_wconf 77' lang='lat' dir='ltr'><strong>mortem</strong></span> <span class='ocrx_word' id='word_1_117' title='bbox 1139 1632 1173 1691; x_wconf 88' lang='lat' dir='ltr'><strong>et</strong></span> <span class='ocrx_word' id='word_1_118' title='bbox 1191 1613 1361 1690; x_wconf 74' lang='lat' dir='ltr'><strong>vivificaret</strong></span> <span class='ocrx_word' id='word_1_119' title='bbox 1375 1621 1473 1689; x_wconf 91' lang='lat' dir='ltr'><strong>homi-</strong></span> 
     </span>
     <span class='ocr_line' id='line_1_14' title="bbox 322 1726 970 1814; baseline 0 -20"><span class='ocrx_word' id='word_1_120' title='bbox 322 1747 413 1794; x_wconf 86' lang='lat' dir='ltr'><strong>nem:</strong></span> <span class='ocrx_word' id='word_1_121' title='bbox 437 1735 470 1794; x_wconf 90' lang='lat' dir='ltr'><strong>et</strong></span> <span class='ocrx_word' id='word_1_122' title='bbox 484 1733 609 1814; x_wconf 85' lang='lat' dir='ltr'><strong>propter</strong></span> <span class='ocrx_word' id='word_1_123' title='bbox 622 1726 682 1792; x_wconf 84' lang='lat' dir='ltr'><strong>hoc</strong></span> <span class='ocrx_word' id='word_1_124' title='bbox 697 1747 770 1793; x_wconf 82' lang='lat' dir='ltr'><strong>vera</strong></span> <span class='ocrx_word' id='word_1_125' title='bbox 784 1747 878 1813; x_wconf 90' lang='lat' dir='ltr'><strong>opera</strong></span> <span class='ocrx_word' id='word_1_126' title='bbox 892 1726 970 1813; x_wconf 88' lang='lat' dir='ltr'><strong>ejus.</strong></span> 
     </span>
    </p>
   </div>
   <div class='ocr_carea' id='block_1_6' title="bbox 794 2026 1005 2096">
    <p class='ocr_par' dir='ltr' id='par_1_7' title="bbox 794 2026 1005 2096">
     <span class='ocr_line' id='line_1_15' title="bbox 794 2026 1005 2096; baseline 0.014 -5"><span class='ocrx_word' id='word_1_127' title='bbox 794 2026 894 2096; x_wconf 85' lang='lat' dir='ltr'><strong>OAP.</strong></span> <span class='ocrx_word' id='word_1_128' title='bbox 917 2027 1005 2094; x_wconf 88' lang='lat' dir='ltr'><strong>XX.</strong></span> 
     </span>
    </p>
   </div>
   <div class='ocr_carea' id='block_1_7' title="bbox 383 2178 1420 2286">
    <p class='ocr_par' dir='ltr' id='par_1_8' title="bbox 383 2178 1420 2286">
     <span class='ocr_line' id='line_1_16' title="bbox 383 2178 1420 2286; baseline 0.001 -31"><span class='ocrx_word' id='word_1_129' title='bbox 383 2178 570 2256; x_wconf 72' lang='lat' dir='ltr'><strong>Aduersus</strong></span> <span class='ocrx_word' id='word_1_130' title='bbox 587 2207 644 2256; x_wconf 77' lang='lat' dir='ltr'><strong>eos</strong></span> <span class='ocrx_word' id='word_1_131' title='bbox 660 2180 725 2282; x_wconf 78' lang='lat' dir='ltr'><strong>qui</strong></span> <span class='ocrx_word' id='word_1_132' title='bbox 741 2178 868 2258; x_wconf 76' lang='lat' dir='ltr'><strong>‹lu-‘cunt</strong></span> <span class='ocrx_word' id='word_1_133' title='bbox 886 2207 968 2258; x_wconf 83' lang='lat' dir='ltr'><strong>eum</strong></span> <span class='ocrx_word' id='word_1_134' title='bbox 986 2209 1029 2258; x_wconf 78' lang='lat' dir='ltr'><strong>ex</strong></span> <span class='ocrx_word' id='word_1_135' title='bbox 1045 2183 1081 2258; x_wconf 87' lang='lat' dir='ltr'><em>J</em></span> <span class='ocrx_word' id='word_1_136' title='bbox 1077 2183 1184 2286; x_wconf 72' lang='lat' dir='ltr'><strong>oneph</strong></span> <span class='ocrx_word' id='word_1_137' title='bbox 1198 2193 1420 2284; x_wconf 68' lang='lat' dir='ltr'><strong>pecccatum.</strong></span> 
     </span>
    </p>
   </div>
   <div class='ocr_carea' id='block_1_8' title="bbox 159 2359 1576 3366">
    <p class='ocr_par' dir='ltr' id='par_1_9' title="bbox 325 2359 1576 2447">
     <span class='ocr_line' id='line_1_17' title="bbox 325 2359 1576 2447; baseline 0.003 -22"><span class='ocrx_word' id='word_1_138' title='bbox 325 2363 355 2426; x_wconf 93' lang='lat' dir='ltr'><strong>l.</strong></span> <span class='ocrx_word' id='word_1_139' title='bbox 378 2359 515 2426; x_wconf 81' lang='lat' dir='ltr'><strong>Runsus</strong></span> <span class='ocrx_word' id='word_1_140' title='bbox 540 2369 647 2428; x_wconf 86' lang='lat' dir='ltr'><strong>autem</strong></span> <span class='ocrx_word' id='word_1_141' title='bbox 674 2361 726 2447; x_wconf 92' lang='lat' dir='ltr'><strong>qui</strong></span> <span class='ocrx_word' id='word_1_142' title='bbox 752 2361 835 2428; x_wconf 91' lang='lat' dir='ltr'><strong>nude</strong></span> <span class='ocrx_word' id='word_1_143' title='bbox 863 2366 1004 2429; x_wconf 78' lang='lat' dir='ltr'><strong>³tantum</strong></span> <span class='ocrx_word' id='word_1_144' title='bbox 1025 2361 1183 2429; x_wconf 90' lang='lat' dir='ltr'><strong>hominem</strong></span> <span class='ocrx_word' id='word_1_145' title='bbox 1204 2383 1276 2428; x_wconf 88' lang='lat' dir='ltr'><strong>eum</strong></span> <span class='ocrx_word' id='word_1_146' title='bbox 1298 2361 1406 2427; x_wconf 88' lang='lat' dir='ltr'><strong>dicunt</strong></span> <span class='ocrx_word' id='word_1_147' title='bbox 1433 2380 1473 2426; x_wconf 85' lang='lat' dir='ltr'><strong>ex</strong></span> <span class='ocrx_word' id='word_1_148' title='bbox 1486 2387 1576 2430; x_wconf 72' lang='lat' dir='ltr'><strong>mne.</strong></span> 
     </span>
    </p>

    <p class='ocr_par' dir='ltr' id='par_1_10' title="bbox 323 2461 1473 2552">
     <span class='ocr_line' id='line_1_18' title="bbox 323 2461 1473 2552; baseline 0.001 -25"><span class='ocrx_word' id='word_1_149' title='bbox 323 2461 362 2527; x_wconf 83' lang='lat' dir='ltr'><strong>‘J</strong></span> <span class='ocrx_word' id='word_1_150' title='bbox 365 2464 461 2550; x_wconf 89' lang='lat' dir='ltr'><strong>oseph</strong></span> <span class='ocrx_word' id='word_1_151' title='bbox 482 2473 677 2552; x_wconf 81' lang='lat' dir='ltr'><strong>generatum,</strong></span> <span class='ocrx_word' id='word_1_152' title='bbox 702 2473 935 2550; x_wconf 80' lang='lat' dir='ltr'><strong>perseverantes</strong></span> <span class='ocrx_word' id='word_1_153' title='bbox 964 2465 997 2529; x_wconf 91' lang='lat' dir='ltr'><strong>in</strong></span> <span class='ocrx_word' id='word_1_154' title='bbox 1026 2465 1175 2531; x_wconf 82' lang='lat' dir='ltr'><strong>servitute</strong></span> <span class='ocrx_word' id='word_1_155' title='bbox 1203 2465 1344 2550; x_wconf 81' lang='lat' dir='ltr'><strong>pristinae</strong></span> <span class='ocrx_word' id='word_1_156' title='bbox 1367 2463 1473 2529; x_wconf 84' lang='lat' dir='ltr'><strong>inobe·</strong></span> 
     </span>
    </p>

    <p class='ocr_par' dir='ltr' id='par_1_11' title="bbox 322 2567 1571 2654">
     <span class='ocr_line' id='line_1_19' title="bbox 322 2567 1571 2654; baseline 0.002 -24"><span class='ocrx_word' id='word_1_157' title='bbox 322 2567 447 2632; x_wconf 87' lang='lat' dir='ltr'><strong>dientiae</strong></span> <span class='ocrx_word' id='word_1_158' title='bbox 469 2569 650 2645; x_wconf 89' lang='lat' dir='ltr'><strong>moriuntur,</strong></span> <span class='ocrx_word' id='word_1_159' title='bbox 673 2567 810 2632; x_wconf 90' lang='lat' dir='ltr'><strong>nondum</strong></span> <span class='ocrx_word' id='word_1_160' title='bbox 831 2567 1009 2632; x_wconf 83' lang='lat' dir='ltr'><strong>⁵commixti</strong></span> <span class='ocrx_word' id='word_1_161' title='bbox 1032 2567 1141 2633; x_wconf 88' lang='lat' dir='ltr'><strong>Verbo</strong></span> <span class='ocrx_word' id='word_1_162' title='bbox 1163 2567 1224 2634; x_wconf 93' lang='lat' dir='ltr'><strong>Dei</strong></span> <span class='ocrx_word' id='word_1_163' title='bbox 1244 2568 1359 2647; x_wconf 85' lang='lat' dir='ltr'><strong>Patris,</strong></span> <span class='ocrx_word' id='word_1_164' title='bbox 1374 2587 1474 2654; x_wconf 89' lang='lat' dir='ltr'><strong>neque</strong></span> <span class='ocrx_word' id='word_1_165' title='bbox 1487 2589 1571 2632; x_wconf 74' lang='lat' dir='ltr'><strong>arm</strong></span> 
     </span>
    </p>

    <p class='ocr_par' dir='ltr' id='par_1_12' title="bbox 159 2667 1476 2856">
     <span class='ocr_line' id='line_1_20' title="bbox 322 2667 1475 2757; baseline 0 -24"><span class='ocrx_word' id='word_1_166' title='bbox 322 2691 378 2753; x_wconf 87' lang='lat' dir='ltr'><strong>per</strong></span> <span class='ocrx_word' id='word_1_167' title='bbox 404 2669 521 2734; x_wconf 89' lang='lat' dir='ltr'><strong>Filium</strong></span> <span class='ocrx_word' id='word_1_168' title='bbox 546 2669 754 2754; x_wconf 71' lang='lat' dir='ltr'><strong>percipientes</strong></span> <span class='ocrx_word' id='word_1_169' title='bbox 774 2669 959 2748; x_wconf 88' lang='lat' dir='ltr'><strong>libertatem,</strong></span> <span class='ocrx_word' id='word_1_170' title='bbox 981 2670 1241 2755; x_wconf 77' lang='lat' dir='ltr'><strong>quemadmodum</strong></span> <span class='ocrx_word' id='word_1_171' title='bbox 1262 2671 1329 2757; x_wconf 89' lang='lat' dir='ltr'><strong>ipse</strong></span> <span class='ocrx_word' id='word_1_172' title='bbox 1349 2671 1412 2734; x_wconf 92' lang='lat' dir='ltr'><strong>ait:</strong></span> <span class='ocrx_word' id='word_1_173' title='bbox 1437 2667 1475 2733; x_wconf 72' lang='lat' dir='ltr'><strong>St</strong></span> 
     </span>
     <span class='ocr_line' id='line_1_21' title="bbox 159 2769 1476 2856; baseline 0.002 -22"><span class='ocrx_word' id='word_1_174' title='bbox 159 2783 299 2825; x_wconf 61' lang='lat' dir='ltr'><strong>tot-vitm</strong></span> <span class='ocrx_word' id='word_1_175' title='bbox 322 2769 428 2834; x_wconf 78' lang='lat' dir='ltr'><strong>Filius</strong></span> <span class='ocrx_word' id='word_1_176' title='bbox 441 2792 491 2833; x_wconf 79' lang='lat' dir='ltr'><strong>ooo</strong></span> <span class='ocrx_word' id='word_1_177' title='bbox 504 2770 723 2847; x_wconf 72' lang='lat' dir='ltr'><strong>manumiserit</strong></span> <span class='ocrx_word' id='word_1_178' title='bbox 740 2791 809 2834; x_wconf 83' lang='lat' dir='ltr'><strong>nere</strong></span> <span class='ocrx_word' id='word_1_179' title='bbox 824 2769 914 2834; x_wconf 81' lang='lat' dir='ltr'><strong>liberi</strong></span> <span class='ocrx_word' id='word_1_180' title='bbox 933 2771 1027 2835; x_wconf 72' lang='lat' dir='ltr'><strong>eritis.</strong></span> <span class='ocrx_word' id='word_1_181' title='bbox 1074 2771 1260 2856; x_wconf 73' lang='lat' dir='ltr'><strong>Ignorantes</strong></span> <span class='ocrx_word' id='word_1_182' title='bbox 1278 2779 1384 2834; x_wconf 88' lang='lat' dir='ltr'><strong>autem</strong></span> <span class='ocrx_word' id='word_1_183' title='bbox 1403 2793 1476 2836; x_wconf 92' lang='lat' dir='ltr'><strong>eum</strong></span> 
     </span>
    </p>

    <p class='ocr_par' dir='ltr' id='par_1_13' title="bbox 323 2869 1476 2958">
     <span class='ocr_line' id='line_1_22' title="bbox 323 2869 1476 2958; baseline 0.003 -23"><span class='ocrx_word' id='word_1_184' title='bbox 323 2871 376 2958; x_wconf 90' lang='lat' dir='ltr'><strong>qui</strong></span> <span class='ocrx_word' id='word_1_185' title='bbox 397 2891 437 2934; x_wconf 86' lang='lat' dir='ltr'><strong>ex</strong></span> <span class='ocrx_word' id='word_1_186' title='bbox 464 2869 596 2957; x_wconf 82' lang='lat' dir='ltr'><strong>Virgine</strong></span> <span class='ocrx_word' id='word_1_187' title='bbox 617 2879 667 2935; x_wconf 87' lang='lat' dir='ltr'><strong>eet</strong></span> <span class='ocrx_word' id='word_1_188' title='bbox 690 2871 886 2951; x_wconf 79' lang='lat' dir='ltr'><strong>Emmanuel,</strong></span> <span class='ocrx_word' id='word_1_189' title='bbox 908 2871 1068 2958; x_wconf 85' lang='lat' dir='ltr'><strong>privantur</strong></span> <span class='ocrx_word' id='word_1_190' title='bbox 1084 2893 1212 2936; x_wconf 87' lang='lat' dir='ltr'><strong>munere</strong></span> <span class='ocrx_word' id='word_1_191' title='bbox 1231 2873 1309 2958; x_wconf 87' lang='lat' dir='ltr'><strong>ejus,</strong></span> <span class='ocrx_word' id='word_1_192' title='bbox 1329 2873 1411 2956; x_wconf 90' lang='lat' dir='ltr'><strong>quod</strong></span> <span class='ocrx_word' id='word_1_193' title='bbox 1426 2882 1476 2939; x_wconf 88' lang='lat' dir='ltr'><strong>est</strong></span> 
     </span>
    </p>

    <p class='ocr_par' dir='ltr' id='par_1_14' title="bbox 322 2971 1474 3059">
     <span class='ocr_line' id='line_1_23' title="bbox 322 2971 1474 3059; baseline 0.003 -21"><span class='ocrx_word' id='word_1_194' title='bbox 322 2973 387 3038; x_wconf 84' lang='lat' dir='ltr'><strong>vita</strong></span> <span class='ocrx_word' id='word_1_195' title='bbox 415 2979 551 3036; x_wconf 84' lang='lat' dir='ltr'><strong>aeterna:</strong></span> <span class='ocrx_word' id='word_1_196' title='bbox 591 2993 655 3037; x_wconf 90' lang='lat' dir='ltr'><strong>non</strong></span> <span class='ocrx_word' id='word_1_197' title='bbox 682 2972 869 3059; x_wconf 82' lang='lat' dir='ltr'><strong>recipientes</strong></span> <span class='ocrx_word' id='word_1_198' title='bbox 904 2981 1011 3037; x_wconf 89' lang='lat' dir='ltr'><strong>autem</strong></span> <span class='ocrx_word' id='word_1_199' title='bbox 1046 2971 1188 3037; x_wconf 91' lang='lat' dir='ltr'><strong>Verbum</strong></span> <span class='ocrx_word' id='word_1_200' title='bbox 1224 2973 1474 3059; x_wconf 83' lang='lat' dir='ltr'><strong>incorruptionis,</strong></span> 
     </span>
    </p>

    <p class='ocr_par' dir='ltr' id='par_1_15' title="bbox 322 3075 1476 3161">
     <span class='ocr_line' id='line_1_24' title="bbox 322 3075 1476 3161; baseline 0.001 -22"><span class='ocrx_word' id='word_1_201' title='bbox 322 3083 519 3161; x_wconf 75' lang='lat' dir='ltr'><strong>perseverant</strong></span> <span class='ocrx_word' id='word_1_202' title='bbox 534 3075 566 3138; x_wconf 90' lang='lat' dir='ltr'><strong>in</strong></span> <span class='ocrx_word' id='word_1_203' title='bbox 581 3095 674 3141; x_wconf 86' lang='lat' dir='ltr'><strong>carne</strong></span> <span class='ocrx_word' id='word_1_204' title='bbox 689 3075 822 3155; x_wconf 83' lang='lat' dir='ltr'><strong>mortali,</strong></span> <span class='ocrx_word' id='word_1_205' title='bbox 838 3083 871 3140; x_wconf 90' lang='lat' dir='ltr'><strong>et</strong></span> <span class='ocrx_word' id='word_1_206' title='bbox 892 3083 966 3141; x_wconf 83' lang='lat' dir='ltr'><strong>sunt</strong></span> <span class='ocrx_word' id='word_1_207' title='bbox 986 3075 1143 3140; x_wconf 84' lang='lat' dir='ltr'><strong>debitores</strong></span> <span class='ocrx_word' id='word_1_208' title='bbox 1160 3075 1280 3155; x_wconf 90' lang='lat' dir='ltr'><strong>mortis,</strong></span> <span class='ocrx_word' id='word_1_209' title='bbox 1299 3075 1476 3142; x_wconf 77' lang='lat' dir='ltr'><strong>antidotum</strong></span> 
     </span>
    </p>

    <p class='ocr_par' dir='ltr' id='par_1_16' title="bbox 163 3177 1475 3366">
     <span class='ocr_line' id='line_1_25' title="bbox 323 3177 1474 3266; baseline 0.003 -25"><span class='ocrx_word' id='word_1_210' title='bbox 323 3177 395 3242; x_wconf 69' lang='lat' dir='ltr'><strong>vitae</strong></span> <span class='ocrx_word' id='word_1_211' title='bbox 409 3198 471 3241; x_wconf 91' lang='lat' dir='ltr'><strong>non</strong></span> <span class='ocrx_word' id='word_1_212' title='bbox 487 3177 686 3262; x_wconf 86' lang='lat' dir='ltr'><strong>accipientes.</strong></span> <span class='ocrx_word' id='word_1_213' title='bbox 730 3177 784 3242; x_wconf 91' lang='lat' dir='ltr'><strong>Ad</strong></span> <span class='ocrx_word' id='word_1_214' title='bbox 800 3199 878 3264; x_wconf 89' lang='lat' dir='ltr'><strong>quos</strong></span> <span class='ocrx_word' id='word_1_215' title='bbox 894 3177 1034 3243; x_wconf 90' lang='lat' dir='ltr'><strong>Verbum</strong></span> <span class='ocrx_word' id='word_1_216' title='bbox 1054 3178 1111 3256; x_wconf 85' lang='lat' dir='ltr'><strong>ait,</strong></span> <span class='ocrx_word' id='word_1_217' title='bbox 1131 3199 1222 3243; x_wconf 86' lang='lat' dir='ltr'><strong>suum</strong></span> <span class='ocrx_word' id='word_1_218' title='bbox 1236 3199 1349 3242; x_wconf 88' lang='lat' dir='ltr'><strong>munus</strong></span> <span class='ocrx_word' id='word_1_219' title='bbox 1363 3179 1474 3266; x_wconf 79' lang='lat' dir='ltr'><strong>gratiae</strong></span> 
     </span>
     <span class='ocr_line' id='line_1_26' title="bbox 163 3279 1475 3366; baseline 0.004 -27"><span class='ocrx_word' id='word_1_220' title='bbox 163 3299 310 3346; x_wconf 64' lang='lat' dir='ltr'><strong>reamur.</strong></span> <span class='ocrx_word' id='word_1_221' title='bbox 323 3299 469 3343; x_wconf 81' lang='lat' dir='ltr'><strong>mrrans:</strong></span> <span class='ocrx_word' id='word_1_222' title='bbox 493 3279 577 3366; x_wconf 67' lang='grc' dir='ltr'><strong>6Ερο</strong></span> <span class='ocrx_word' id='word_1_223' title='bbox 599 3279 675 3352; x_wconf 74' lang='lat' dir='ltr'><strong>dici,</strong></span> <span class='ocrx_word' id='word_1_224' title='bbox 691 3279 753 3345; x_wconf 82' lang='lat' dir='ltr'><strong>Dii</strong></span> <span class='ocrx_word' id='word_1_225' title='bbox 770 3281 848 3360; x_wconf 80' lang='lat' dir='ltr'><strong>cotia,</strong></span> <span class='ocrx_word' id='word_1_226' title='bbox 871 3289 898 3346; x_wconf 79' lang='lat' dir='ltr'><strong>ol</strong></span> <span class='ocrx_word' id='word_1_227' title='bbox 910 3279 981 3364; x_wconf 81' lang='lat' dir='ltr'><strong>filii</strong></span> <span class='ocrx_word' id='word_1_228' title='bbox 994 3279 1149 3346; x_wconf 78' lang='lat' dir='ltr'><strong>Alticeimi</strong></span> <span class='ocrx_word' id='word_1_229' title='bbox 1170 3301 1284 3345; x_wconf 70' lang='lat' dir='ltr'><strong>onnus:</strong></span> <span class='ocrx_word' id='word_1_230' title='bbox 1308 3302 1358 3346; x_wconf 74' lang='lat' dir='ltr'><strong>ooo</strong></span> <span class='ocrx_word' id='word_1_231' title='bbox 1374 3290 1475 3345; x_wconf 80' lang='lat' dir='ltr'><strong>autem</strong></span> 
     </span>
    </p>
   </div>
   <div class='ocr_carea' id='block_1_9' title="bbox 321 3476 1478 4600">
    <p class='ocr_par' dir='ltr' id='par_1_17' title="bbox 321 3476 1478 4600">
     <span class='ocr_line' id='line_1_27' title="bbox 324 3476 1475 3542; baseline 0.002 -16"><span class='ocrx_word' id='word_1_232' title='bbox 324 3476 406 3538; x_wconf 80' lang='lat' dir='ltr'><strong>rudia,</strong></span> <span class='ocrx_word' id='word_1_233' title='bbox 418 3477 466 3526; x_wconf 88' lang='lat' dir='ltr'><strong>but</strong></span> <span class='ocrx_word' id='word_1_234' title='bbox 477 3477 520 3528; x_wconf 89' lang='lat' dir='ltr'><strong>the</strong></span> <span class='ocrx_word' id='word_1_235' title='bbox 531 3482 596 3527; x_wconf 85' lang='lat' dir='ltr'><strong>term</strong></span> <span class='ocrx_word' id='word_1_236' title='bbox 608 3478 703 3542; x_wconf 87' lang='lat' dir='ltr'><strong>appliee</strong></span> <span class='ocrx_word' id='word_1_237' title='bbox 715 3485 761 3529; x_wconf 91' lang='lat' dir='ltr'><strong>not</strong></span> <span class='ocrx_word' id='word_1_238' title='bbox 771 3485 798 3529; x_wconf 91' lang='lat' dir='ltr'><strong>to</strong></span> <span class='ocrx_word' id='word_1_239' title='bbox 813 3495 871 3529; x_wconf 88' lang='lat' dir='ltr'><strong>man</strong></span> <span class='ocrx_word' id='word_1_240' title='bbox 922 3479 997 3528; x_wconf 88' lang='lat' dir='ltr'><strong>harsh</strong></span> <span class='ocrx_word' id='word_1_241' title='bbox 1009 3478 1059 3528; x_wconf 90' lang='lat' dir='ltr'><strong>and</strong></span> <span class='ocrx_word' id='word_1_242' title='bbox 1070 3477 1179 3528; x_wconf 81' lang='lat' dir='ltr'><strong>strained</strong></span> <span class='ocrx_word' id='word_1_243' title='bbox 1189 3479 1215 3528; x_wconf 88' lang='lat' dir='ltr'><strong>in</strong></span> <span class='ocrx_word' id='word_1_244' title='bbox 1227 3480 1270 3529; x_wconf 85' lang='lat' dir='ltr'><strong>the</strong></span> <span class='ocrx_word' id='word_1_245' title='bbox 1280 3479 1408 3540; x_wconf 81' lang='lat' dir='ltr'><strong>assertion,</strong></span> <span class='ocrx_word' id='word_1_246' title='bbox 1418 3479 1475 3528; x_wconf 80' lang='lat' dir='ltr'><strong>that</strong></span> 
     </span>
     <span class='ocr_line' id='line_1_28' title="bbox 322 3557 1475 3620; baseline 0 -12"><span class='ocrx_word' id='word_1_247' title='bbox 322 3559 369 3609; x_wconf 85' lang='lat' dir='ltr'><strong>but</strong></span> <span class='ocrx_word' id='word_1_248' title='bbox 393 3563 419 3608; x_wconf 86' lang='grc' dir='ltr'><strong>ιο</strong></span> <span class='ocrx_word' id='word_1_249' title='bbox 441 3559 484 3608; x_wconf 88' lang='lat' dir='ltr'><strong>the</strong></span> <span class='ocrx_word' id='word_1_250' title='bbox 505 3560 576 3608; x_wconf 83' lang='lat' dir='ltr'><strong>earth</strong></span> <span class='ocrx_word' id='word_1_251' title='bbox 598 3559 626 3608; x_wconf 82' lang='lat' dir='ltr'><strong>ol</strong></span> <span class='ocrx_word' id='word_1_252' title='bbox 644 3560 725 3609; x_wconf 84' lang='lat' dir='ltr'><strong>which</strong></span> <span class='ocrx_word' id='word_1_253' title='bbox 746 3577 805 3610; x_wconf 88' lang='lat' dir='ltr'><strong>man</strong></span> <span class='ocrx_word' id='word_1_254' title='bbox 822 3577 873 3611; x_wconf 87' lang='lat' dir='ltr'><strong>was</strong></span> <span class='ocrx_word' id='word_1_255' title='bbox 923 3559 999 3609; x_wconf 79' lang='lat' dir='ltr'><strong>sinful</strong></span> <span class='ocrx_word' id='word_1_256' title='bbox 1015 3575 1073 3609; x_wconf 87' lang='lat' dir='ltr'><strong>mun</strong></span> <span class='ocrx_word' id='word_1_257' title='bbox 1090 3559 1179 3608; x_wconf 78' lang='lat' dir='ltr'><strong>should</strong></span> <span class='ocrx_word' id='word_1_258' title='bbox 1192 3561 1231 3620; x_wconf 89' lang='lat' dir='ltr'><strong>ba,</strong></span> <span class='ocrx_word' id='word_1_259' title='bbox 1246 3557 1386 3610; x_wconf 70' lang='lat' dir='ltr'><strong>cameriatus</strong></span> <span class='ocrx_word' id='word_1_260' title='bbox 1402 3558 1475 3608; x_wconf 81' lang='lat' dir='ltr'><strong>Verbo</strong></span> 
     </span>
     <span class='ocr_line' id='line_1_29' title="bbox 321 3641 1478 3706; baseline 0 -16"><span class='ocrx_word' id='word_1_261' title='bbox 321 3641 417 3690; x_wconf 77' lang='lat' dir='ltr'><strong>formed</strong></span> <span class='ocrx_word' id='word_1_262' title='bbox 423 3641 492 3702; x_wconf 84' lang='lat' dir='ltr'><strong>;and</strong></span> <span class='ocrx_word' id='word_1_263' title='bbox 502 3642 621 3691; x_wconf 84' lang='lat' dir='ltr'><strong>theword</strong></span> <span class='ocrx_word' id='word_1_264' title='bbox 633 3643 874 3706; x_wconf 62' lang='lat' dir='ltr'><strong>drepydorouinthis</strong></span> <span class='ocrx_word' id='word_1_265' title='bbox 923 3641 972 3690; x_wconf 81' lang='lat' dir='ltr'><strong>Dei</strong></span> <span class='ocrx_word' id='word_1_266' title='bbox 979 3660 990 3698; x_wconf 94' lang='grc'><strong>,·</strong></span> <span class='ocrx_word' id='word_1_267' title='bbox 1014 3657 1077 3690; x_wconf 79' lang='lat' dir='ltr'><strong>even</strong></span> <span class='ocrx_word' id='word_1_268' title='bbox 1100 3641 1129 3690; x_wconf 83' lang='lat' dir='ltr'><strong>of</strong></span> <span class='ocrx_word' id='word_1_269' title='bbox 1149 3643 1192 3691; x_wconf 89' lang='lat' dir='ltr'><strong>the</strong></span> <span class='ocrx_word' id='word_1_270' title='bbox 1218 3642 1312 3690; x_wconf 84' lang='lat' dir='ltr'><strong>human</strong></span> <span class='ocrx_word' id='word_1_271' title='bbox 1336 3646 1425 3690; x_wconf 84' lang='lat' dir='ltr'><strong>nature</strong></span> <span class='ocrx_word' id='word_1_272' title='bbox 1449 3641 1478 3690; x_wconf 80' lang='lat' dir='ltr'><strong>oi</strong></span> 
     </span>
     <span class='ocr_line' id='line_1_30' title="bbox 322 3722 1474 3789; baseline 0 -17"><span class='ocrx_word' id='word_1_273' title='bbox 322 3739 392 3773; x_wconf 85' lang='lat' dir='ltr'><strong>reuse</strong></span> <span class='ocrx_word' id='word_1_274' title='bbox 403 3723 424 3772; x_wconf 84' lang='lat' dir='ltr'><strong>is</strong></span> <span class='ocrx_word' id='word_1_275' title='bbox 435 3723 478 3772; x_wconf 87' lang='lat' dir='ltr'><strong>the</strong></span> <span class='ocrx_word' id='word_1_276' title='bbox 489 3724 633 3774; x_wconf 83' lang='lat' dir='ltr'><strong>correlative</strong></span> <span class='ocrx_word' id='word_1_277' title='bbox 648 3726 676 3774; x_wconf 81' lang='lat' dir='ltr'><strong>of</strong></span> <span class='ocrx_word' id='word_1_278' title='bbox 690 3728 807 3789; x_wconf 74' lang='grc' dir='ltr'><strong>παρθένου</strong></span> <span class='ocrx_word' id='word_1_279' title='bbox 817 3727 874 3776; x_wconf 84' lang='lat' dir='ltr'><strong>that</strong></span> <span class='ocrx_word' id='word_1_280' title='bbox 924 3723 1008 3773; x_wconf 84' lang='lat' dir='ltr'><strong>(lhrist</strong></span> <span class='ocrx_word' id='word_1_281' title='bbox 1021 3725 1064 3772; x_wconf 88' lang='lat' dir='ltr'><strong>the</strong></span> <span class='ocrx_word' id='word_1_282' title='bbox 1075 3727 1139 3772; x_wconf 84' lang='lat' dir='ltr'><strong>term</strong></span> <span class='ocrx_word' id='word_1_283' title='bbox 1150 3722 1223 3771; x_wconf 84' lang='lat' dir='ltr'><strong>could</strong></span> <span class='ocrx_word' id='word_1_284' title='bbox 1238 3728 1283 3771; x_wconf 88' lang='lat' dir='ltr'><strong>not</strong></span> <span class='ocrx_word' id='word_1_285' title='bbox 1297 3724 1327 3772; x_wconf 90' lang='lat' dir='ltr'><strong>be</strong></span> <span class='ocrx_word' id='word_1_286' title='bbox 1343 3723 1402 3772; x_wconf 85' lang='lat' dir='ltr'><strong>uaed</strong></span> <span class='ocrx_word' id='word_1_287' title='bbox 1414 3722 1474 3772; x_wconf 84' lang='lat' dir='ltr'><strong>with</strong></span> 
     </span>
     <span class='ocr_line' id='line_1_31' title="bbox 322 3803 1475 3871; baseline -0.002 -17"><span class='ocrx_word' id='word_1_288' title='bbox 322 3805 425 3854; x_wconf 75' lang='lat' dir='ltr'><strong>follows.</strong></span> <span class='ocrx_word' id='word_1_289' title='bbox 455 3805 535 3854; x_wconf 63' lang='lat' dir='ltr'><strong>There</strong></span> <span class='ocrx_word' id='word_1_290' title='bbox 556 3805 627 3854; x_wconf 87' lang='lat' dir='ltr'><strong>isan</strong></span> <span class='ocrx_word' id='word_1_291' title='bbox 644 3807 749 3855; x_wconf 79' lang='lat' dir='ltr'><strong>abusion</strong></span> <span class='ocrx_word' id='word_1_292' title='bbox 766 3807 874 3871; x_wconf 77' lang='lat' dir='ltr'><strong>perhaps</strong></span> <span class='ocrx_word' id='word_1_293' title='bbox 923 3804 1056 3868; x_wconf 85' lang='lat' dir='ltr'><strong>propriety.</strong></span> <span class='ocrx_word' id='word_1_294' title='bbox 1083 3803 1200 3853; x_wconf 82' lang='lat' dir='ltr'><strong>Seeuext</strong></span> <span class='ocrx_word' id='word_1_295' title='bbox 1210 3819 1282 3868; x_wconf 82' lang='lat' dir='ltr'><strong>page,</strong></span> <span class='ocrx_word' id='word_1_296' title='bbox 1298 3819 1322 3853; x_wconf 91' lang='lat' dir='ltr'><strong>n.</strong></span> <span class='ocrx_word' id='word_1_297' title='bbox 1336 3821 1360 3864; x_wconf 88' lang='lat'><strong>4.</strong></span> <span class='ocrx_word' id='word_1_298' title='bbox 1395 3803 1475 3867; x_wconf 75' lang='lat' dir='ltr'><strong>Ioug-</strong></span> 
     </span>
     <span class='ocr_line' id='line_1_32' title="bbox 322 3885 1475 3948; baseline 0 -14"><span class='ocrx_word' id='word_1_299' title='bbox 322 3891 350 3934; x_wconf 88' lang='grc' dir='ltr'><strong>ιο</strong></span> <span class='ocrx_word' id='word_1_300' title='bbox 368 3887 411 3936; x_wconf 84' lang='lat' dir='ltr'><strong>the</strong></span> <span class='ocrx_word' id='word_1_301' title='bbox 431 3885 579 3936; x_wconf 78' lang='lat' dir='ltr'><strong>Rabbinical</strong></span> <span class='ocrx_word' id='word_1_302' title='bbox 595 3887 691 3936; x_wconf 85' lang='lat' dir='ltr'><strong>conoeit</strong></span> <span class='ocrx_word' id='word_1_303' title='bbox 708 3887 832 3937; x_wconf 85' lang='lat' dir='ltr'><strong>indicated</strong></span> <span class='ocrx_word' id='word_1_304' title='bbox 847 3889 874 3936; x_wconf 89' lang='lat' dir='ltr'><strong>in</strong></span> <span class='ocrx_word' id='word_1_305' title='bbox 924 3889 987 3948; x_wconf 75' lang='lat' dir='ltr'><strong>gost,</strong></span> <span class='ocrx_word' id='word_1_306' title='bbox 1007 3885 1136 3946; x_wconf 79' lang='lat' dir='ltr'><strong>therefore,</strong></span> <span class='ocrx_word' id='word_1_307' title='bbox 1152 3885 1279 3948; x_wconf 78' lang='lat' dir='ltr'><strong>conjuncti,</strong></span> <span class='ocrx_word' id='word_1_308' title='bbox 1303 3886 1355 3934; x_wconf 82' lang='lat' dir='ltr'><strong>and</strong></span> <span class='ocrx_word' id='word_1_309' title='bbox 1376 3885 1408 3935; x_wconf 83' lang='lat' dir='ltr'><strong>el.</strong></span> <span class='ocrx_word' id='word_1_310' title='bbox 1432 3885 1475 3934; x_wconf 90' lang='lat' dir='ltr'><strong>the</strong></span> 
     </span>
     <span class='ocr_line' id='line_1_33' title="bbox 324 3964 1473 4032; baseline 0.001 -18"><span class='ocrx_word' id='word_1_311' title='bbox 324 3967 380 4016; x_wconf 91' lang='lat' dir='ltr'><strong>Vol.</strong></span> <span class='ocrx_word' id='word_1_312' title='bbox 394 3981 411 4017; x_wconf 86' lang='lat'><strong>1.</strong></span> <span class='ocrx_word' id='word_1_313' title='bbox 425 3983 449 4032; x_wconf 89' lang='lat' dir='ltr'><strong>p.</strong></span> <span class='ocrx_word' id='word_1_314' title='bbox 463 3983 518 4030; x_wconf 70' lang='lat'><strong>235,</strong></span> <span class='ocrx_word' id='word_1_315' title='bbox 533 3985 558 4018; x_wconf 88' lang='lat' dir='ltr'><strong>n.</strong></span> <span class='ocrx_word' id='word_1_316' title='bbox 572 3983 595 4030; x_wconf 77' lang='lat'><strong>3.</strong></span> <span class='ocrx_word' id='word_1_317' title='bbox 625 3969 663 4018; x_wconf 81' lang='lat' dir='ltr'><strong>cf.</strong></span> <span class='ocrx_word' id='word_1_318' title='bbox 679 3983 733 4030; x_wconf 77' lang='lat' dir='ltr'><strong>rao,</strong></span> <span class='ocrx_word' id='word_1_319' title='bbox 746 3985 771 4018; x_wconf 92' lang='lat' dir='ltr'><strong>n.</strong></span> <span class='ocrx_word' id='word_1_320' title='bbox 787 3983 808 4018; x_wconf 89' lang='lat'><strong>1.</strong></span> <span class='ocrx_word' id='word_1_321' title='bbox 924 3966 1073 4016; x_wconf 66' lang='lat' dir='ltr'><strong>translation</strong></span> <span class='ocrx_word' id='word_1_322' title='bbox 1087 3968 1116 4016; x_wconf 87' lang='lat' dir='ltr'><strong>of</strong></span> <span class='ocrx_word' id='word_1_323' title='bbox 1130 3969 1253 4028; x_wconf 73' lang='grc' dir='ltr'><strong>οννηνώθη</strong></span> <span class='ocrx_word' id='word_1_324' title='bbox 1266 3973 1294 4017; x_wconf 81' lang='lat' dir='ltr'><strong>at</strong></span> <span class='ocrx_word' id='word_1_325' title='bbox 1304 3985 1329 4032; x_wconf 91' lang='lat' dir='ltr'><strong>p.</strong></span> <span class='ocrx_word' id='word_1_326' title='bbox 1346 3981 1399 4028; x_wconf 85' lang='lat'><em>100,</em></span> <span class='ocrx_word' id='word_1_327' title='bbox 1411 3983 1436 4016; x_wconf 87' lang='lat' dir='ltr'><strong>n.</strong></span> <span class='ocrx_word' id='word_1_328' title='bbox 1449 3964 1473 4016; x_wconf 91' lang='lat'><strong>6.</strong></span> 
     </span>
     <span class='ocr_line' id='line_1_34' title="bbox 373 4047 1476 4112; baseline -0.002 -14"><span class='ocrx_word' id='word_1_329' title='bbox 373 4048 434 4098; x_wconf 69' lang='lat' dir='ltr'><strong>lac.</strong></span> <span class='ocrx_word' id='word_1_330' title='bbox 459 4051 514 4112; x_wconf 69' lang='lat' dir='ltr'><strong>On,</strong></span> <span class='ocrx_word' id='word_1_331' title='bbox 529 4051 734 4111; x_wconf 76' lang='lat' dir='ltr'><strong>Au.,Muuo.1.,</strong></span> <span class='ocrx_word' id='word_1_332' title='bbox 749 4049 831 4100; x_wconf 82' lang='lat' dir='ltr'><strong>alde.</strong></span> <span class='ocrx_word' id='word_1_333' title='bbox 924 4047 977 4096; x_wconf 84' lang='lat' dir='ltr'><strong>The</strong></span> <span class='ocrx_word' id='word_1_334' title='bbox 993 4049 1136 4112; x_wconf 86' lang='lat' dir='ltr'><strong>corruption</strong></span> <span class='ocrx_word' id='word_1_335' title='bbox 1152 4063 1204 4096; x_wconf 81' lang='lat' dir='ltr'><strong>was</strong></span> <span class='ocrx_word' id='word_1_336' title='bbox 1219 4047 1335 4096; x_wconf 78' lang='lat' dir='ltr'><strong>followed</strong></span> <span class='ocrx_word' id='word_1_337' title='bbox 1347 4047 1476 4096; x_wconf 77' lang='lat' dir='ltr'><strong>elmostaa</strong></span> 
     </span>
     <span class='ocr_line' id='line_1_35' title="bbox 372 4127 1474 4194; baseline 0.001 -17"><span class='ocrx_word' id='word_1_338' title='bbox 372 4127 384 4160; x_wconf 90' lang='lat'><strong>¹</strong></span> <span class='ocrx_word' id='word_1_339' title='bbox 399 4130 416 4178; x_wconf 91' lang='lat' dir='ltr'><strong>i.</strong></span> <span class='ocrx_word' id='word_1_340' title='bbox 427 4145 448 4178; x_wconf 87' lang='lat' dir='ltr'><strong>e.</strong></span> <span class='ocrx_word' id='word_1_341' title='bbox 462 4131 602 4193; x_wconf 66' lang='lat' dir='ltr'><strong>opponam.</strong></span> <span class='ocrx_word' id='word_1_342' title='bbox 925 4130 1046 4179; x_wconf 84' lang='lat' dir='ltr'><strong>anatural</strong></span> <span class='ocrx_word' id='word_1_343' title='bbox 1052 4145 1221 4194; x_wconf 84' lang='lat' dir='ltr'><strong>consequence</strong></span> <span class='ocrx_word' id='word_1_344' title='bbox 1228 4129 1410 4194; x_wconf 77' lang='lat' dir='ltr'><strong>byoommictue,</strong></span> <span class='ocrx_word' id='word_1_345' title='bbox 1420 4141 1474 4189; x_wconf 82' lang='lat'>103,</span> 
     </span>
     <span class='ocr_line' id='line_1_36' title="bbox 372 4207 1474 4276; baseline 0.005 -21"><span class='ocrx_word' id='word_1_346' title='bbox 372 4207 383 4240; x_wconf 81' lang='lat'><strong>¹</strong></span> <span class='ocrx_word' id='word_1_347' title='bbox 402 4211 477 4270; x_wconf 77' lang='grc' dir='ltr'><strong>ψιλῶς</strong></span> <span class='ocrx_word' id='word_1_348' title='bbox 487 4211 565 4271; x_wconf 78' lang='grc' dir='ltr'><strong><em>μόνον,</em></strong></span> <span class='ocrx_word' id='word_1_349' title='bbox 580 4227 607 4259; x_wconf 83' lang='lat' dir='ltr'><strong>as</strong></span> <span class='ocrx_word' id='word_1_350' title='bbox 618 4216 645 4260; x_wconf 85' lang='lat' dir='ltr'><strong>at</strong></span> <span class='ocrx_word' id='word_1_351' title='bbox 655 4227 679 4276; x_wconf 93' lang='lat' dir='ltr'><strong>p.</strong></span> <span class='ocrx_word' id='word_1_352' title='bbox 693 4209 747 4274; x_wconf 82' lang='lat'>116,</span> <span class='ocrx_word' id='word_1_353' title='bbox 759 4211 782 4263; x_wconf 87' lang='lat'><strong>8.</strong></span> <span class='ocrx_word' id='word_1_354' title='bbox 926 4211 1037 4272; x_wconf 78' lang='lat' dir='ltr'><strong>4,whlclr</strong></span> <span class='ocrx_word' id='word_1_355' title='bbox 1045 4211 1474 4261; x_wconf 78' lang='lat' dir='ltr'><strong>welrnowtobeafaleetrauelation.</strong></span> 
     </span>
     <span class='ocr_line' id='line_1_37' title="bbox 373 4287 1477 4356; baseline 0 -18"><span class='ocrx_word' id='word_1_356' title='bbox 373 4287 384 4320; x_wconf 87' lang='lat'><strong>⁴</strong></span> <span class='ocrx_word' id='word_1_357' title='bbox 401 4289 447 4338; x_wconf 84' lang='lat' dir='ltr'><strong>See</strong></span> <span class='ocrx_word' id='word_1_358' title='bbox 458 4301 477 4340; x_wconf 87' lang='lat'><strong>1.</strong></span> <span class='ocrx_word' id='word_1_359' title='bbox 493 4305 629 4351; x_wconf 49' lang='grc' dir='ltr'><strong>ηομ-πη.</strong></span> <span class='ocrx_word' id='word_1_360' title='bbox 974 4291 985 4326; x_wconf 79' lang='lat'><strong>⁶</strong></span> <span class='ocrx_word' id='word_1_361' title='bbox 1001 4293 1135 4353; x_wconf 72' lang='lat' dir='ltr'><strong>Iuratus,</strong></span> <span class='ocrx_word' id='word_1_362' title='bbox 1152 4293 1258 4356; x_wconf 80' lang='lat' dir='ltr'><strong>quoting</strong></span> <span class='ocrx_word' id='word_1_363' title='bbox 1275 4293 1325 4342; x_wconf 87' lang='lat' dir='ltr'><strong>thie</strong></span> <span class='ocrx_word' id='word_1_364' title='bbox 1341 4295 1396 4341; x_wconf 79' lang='lat' dir='ltr'><strong>text</strong></span> <span class='ocrx_word' id='word_1_365' title='bbox 1412 4291 1477 4340; x_wconf 74' lang='lat' dir='ltr'><strong>hom</strong></span> 
     </span>
     <span class='ocr_line' id='line_1_38' title="bbox 372 4371 1475 4437; baseline 0.002 -18"><span class='ocrx_word' id='word_1_366' title='bbox 372 4371 528 4422; x_wconf 53' lang='lat' dir='ltr'><strong>&#39;comentem</strong></span> <span class='ocrx_word' id='word_1_367' title='bbox 567 4373 627 4422; x_wconf 81' lang='lat' dir='ltr'><strong>Thia</strong></span> <span class='ocrx_word' id='word_1_368' title='bbox 654 4375 721 4424; x_wconf 86' lang='lat' dir='ltr'><strong>word</strong></span> <span class='ocrx_word' id='word_1_369' title='bbox 743 4375 770 4424; x_wconf 85' lang='lat' dir='ltr'><strong>in</strong></span> <span class='ocrx_word' id='word_1_370' title='bbox 791 4376 874 4426; x_wconf 78' lang='lat' dir='ltr'><strong>uncia]</strong></span> <span class='ocrx_word' id='word_1_371' title='bbox 925 4389 1042 4437; x_wconf 86' lang='lat' dir='ltr'><strong>memory,</strong></span> <span class='ocrx_word' id='word_1_372' title='bbox 1062 4373 1107 4421; x_wconf 78' lang='lat' dir='ltr'><strong>has</strong></span> <span class='ocrx_word' id='word_1_373' title='bbox 1124 4373 1269 4436; x_wconf 69' lang='lat' dir='ltr'><strong>transposed</strong></span> <span class='ocrx_word' id='word_1_374' title='bbox 1291 4374 1325 4422; x_wconf 80' lang='lat' dir='ltr'><strong>its</strong></span> <span class='ocrx_word' id='word_1_375' title='bbox 1346 4373 1475 4432; x_wconf 82' lang='lat' dir='ltr'><strong>memberr,</strong></span> 
     </span>
     <span class='ocr_line' id='line_1_39' title="bbox 323 4451 1477 4517; baseline 0.003 -17"><span class='ocrx_word' id='word_1_376' title='bbox 323 4451 462 4500; x_wconf 85' lang='lat' dir='ltr'><strong>characters</strong></span> <span class='ocrx_word' id='word_1_377' title='bbox 484 4451 567 4500; x_wconf 84' lang='lat' dir='ltr'><strong>would</strong></span> <span class='ocrx_word' id='word_1_378' title='bbox 588 4457 633 4500; x_wconf 84' lang='lat' dir='ltr'><strong>not</strong></span> <span class='ocrx_word' id='word_1_379' title='bbox 655 4453 685 4502; x_wconf 92' lang='lat' dir='ltr'><strong>be</strong></span> <span class='ocrx_word' id='word_1_380' title='bbox 707 4470 767 4517; x_wconf 82' lang='lat' dir='ltr'><strong>very</strong></span> <span class='ocrx_word' id='word_1_381' title='bbox 790 4457 875 4504; x_wconf 83' lang='lat' dir='ltr'><strong>unlike</strong></span> <span class='ocrx_word' id='word_1_382' title='bbox 925 4456 1006 4504; x_wconf 83' lang='lat' dir='ltr'><strong>which</strong></span> <span class='ocrx_word' id='word_1_383' title='bbox 1019 4456 1061 4504; x_wconf 87' lang='lat' dir='ltr'><strong>the</strong></span> <span class='ocrx_word' id='word_1_384' title='bbox 1074 4455 1208 4504; x_wconf 77' lang='lat' dir='ltr'><strong>hunslator</strong></span> <span class='ocrx_word' id='word_1_385' title='bbox 1222 4457 1267 4506; x_wconf 82' lang='lat' dir='ltr'><strong>hes</strong></span> <span class='ocrx_word' id='word_1_386' title='bbox 1280 4457 1429 4505; x_wconf 75' lang='lat' dir='ltr'><strong>restoredto</strong></span> <span class='ocrx_word' id='word_1_387' title='bbox 1445 4455 1477 4504; x_wconf 89' lang='lat' dir='ltr'><strong>its</strong></span> 
     </span>
     <span class='ocr_line' id='line_1_40' title="bbox 325 4529 1442 4600; baseline 0.005 -20"><span class='ocrx_word' id='word_1_388' title='bbox 325 4529 528 4590; x_wconf 67' lang='lat' dir='ltr'><strong>demultum,</strong></span> <span class='ocrx_word' id='word_1_389' title='bbox 545 4529 595 4579; x_wconf 87' lang='lat' dir='ltr'><strong>and</strong></span> <span class='ocrx_word' id='word_1_390' title='bbox 612 4531 681 4579; x_wconf 83' lang='lat' dir='ltr'><strong>there</strong></span> <span class='ocrx_word' id='word_1_391' title='bbox 697 4531 718 4579; x_wconf 82' lang='lat' dir='ltr'><strong>is</strong></span> <span class='ocrx_word' id='word_1_392' title='bbox 735 4535 875 4597; x_wconf 84' lang='lat' dir='ltr'><strong>something</strong></span> <span class='ocrx_word' id='word_1_393' title='bbox 925 4551 1015 4600; x_wconf 86' lang='lat' dir='ltr'><strong>proper</strong></span> <span class='ocrx_word' id='word_1_394' title='bbox 1025 4535 1104 4598; x_wconf 88' lang='lat' dir='ltr'><strong>order,</strong></span> <span class='ocrx_word' id='word_1_395' title='bbox 1118 4536 1182 4584; x_wconf 80' lang='lat' dir='ltr'><strong>from</strong></span> <span class='ocrx_word' id='word_1_396' title='bbox 1195 4537 1238 4586; x_wconf 89' lang='lat' dir='ltr'><strong>the</strong></span> <span class='ocrx_word' id='word_1_397' title='bbox 1249 4537 1324 4586; x_wconf 81' lang='lat' dir='ltr'><strong>Italic</strong></span> <span class='ocrx_word' id='word_1_398' title='bbox 1336 4537 1442 4586; x_wconf 75' lang='lat' dir='ltr'><strong>version.</strong></span> 
     </span>
    </p>
   </div>
   <div class='ocr_carea' id='block_1_10' title="bbox 0 0 1674 5070">
    <p class='ocr_par' dir='ltr' id='par_1_18' title="bbox 0 0 1674 5070">
     <span class='ocr_line' id='line_1_41' title="bbox 0 0 1674 5070; baseline 0 0"><span class='ocrx_word' id='word_1_399' title='bbox 0 0 1674 5070; x_wconf 95' lang='lat' dir='ltr'><strong> </strong></span> 
     </span>
    </p>
   </div>
  </div>
 </body>
</html>
