3276 5086
501 341 804 398 mcoaaonrnnm
831 343 983 399 onoma
1249 331 1315 402 297

228 499 259 565 3.
307 497 538 564 Irrationabiles
552 498 648 587 igitur
661 499 746 566 omni
763 499 866 578 modo,
888 499 941 587 qui
960 520 1023 564 non
1038 503 1221 586 exspectant
1235 505 1314 564 tem·
1349 521 1452 608 ppppp.

162 623 222 687 pus
234 602 405 689 augmenti,
417 609 450 668 et
463 623 529 667 suae
539 609 658 667 naturae
674 601 885 668 infirmitatem
899 603 1080 670 adscribunt
1095 602 1174 670 Deo.
1203 601 1314 688 Neque
1325 613 1476 700 Gffilfpy·

130 753 149 784 ,
162 705 246 772 enim
276 705 380 770 Deum
409 726 509 792 neque
537 706 722 794 semetipsos
745 706 890 786 scientes,
914 706 1105 772 insatiabiles
1130 713 1163 774 et
1185 705 1311 792 ingrati,
1324 707 1467 792 Q

161 807 303 873 nolentes
320 807 421 896 primo
441 829 510 874 esse
532 809 592 874 hoc
614 810 696 893 quod
717 817 750 875 et
767 810 843 874 lacti
864 817 948 889 sunt,
970 809 1112 876 homines
1133 808 1312 896 passionum

162 933 311 998 capacem
335 913 391 984 sed
405 912 674 1000 supergredientes
691 912 792 1000 legem
806 912 934 978 humani
948 913 1082 1000 generis,
1098 920 1130 978 et
1144 921 1312 1000 antequam

161 1015 239 1080 fiant
253 1015 403 1096 homines,
416 1017 483 1102 jam
498 1016 606 1080 volunt
620 1015 738 1081 similes
757 1039 826 1082 esse
840 1017 950 1082 factori
966 1017 1046 1097 Deo,
1062 1025 1095 1083 et
1113 1017 1228 1082 nullam
1244 1039 1313 1082 esse

161 1118 365 1184 differentiam
380 1117 486 1184 infecti
502 1118 564 1183 Dei
579 1125 611 1184 et
625 1139 708 1184 nunc
726 1117 801 1184 facti
819 1118 981 1198 ⁷hominis,
995 1119 1048 1206 qui
1067 1120 1137 1206 plus
1151 1119 1313 1185 irrationa-

161 1221 207 1287 les
227 1229 301 1287 sunt
321 1243 414 1308 quam
435 1228 523 1286 muta
545 1220 703 1287 animalia.
759 1221 838 1288 Haec
860 1221 944 1286 enim
966 1243 1030 1288 non
1055 1222 1210 1310 imputant
1230 1221 1312 1302 Deo,

161 1326 307 1410 quoniam
318 1347 381 1390 non
393 1325 534 1390 homines
545 1323 635 1390 ⁸lecit
646 1345 703 1400 ea;
727 1324 783 1390 sed
797 1325 1036 1412 unumquodque
1048 1347 1086 1392 eo
1101 1325 1183 1414 quod
1194 1326 1313 1392 factum

160 1437 219 1506 est,
239 1428 384 1516 qnoniam
403 1428 521 1494 factum
540 1437 599 1508 est,
617 1428 736 1515 gratias
754 1428 832 1516 agit.
870 1427 938 1493 Nos
957 1430 1041 1496 enim
1060 1429 1250 1516 imputamus
1271 1429 1311 1510 ei,

161 1532 310 1616 quoniam
323 1554 386 1597 non
397 1533 437 1598 ab
449 1532 538 1598 initio
554 1533 606 1596 Dii
621 1531 696 1598 lacti
707 1553 825 1611 sumus,
840 1533 896 1598 sed
912 1532 1146 1620 primoquidem
1159 1532 1311 1614 homines,

161 1638 254 1700 ⁹tuuc
271 1635 396 1700 demum
415 1635 487 1700 Dii:
511 1635 652 1723 quamvis
672 1635 760 1701 Deus
781 1635 952 1702 secundum
973 1636 1205 1723 simplicitatem
1224 1637 1313 1702 boni-

160 1739 237 1810 tatis
250 1759 317 1803 suae
331 1738 391 1804 hoo
404 1738 521 1817 fecerit,
537 1761 576 1804 ne
596 1738 666 1825 quis
679 1759 751 1804 eum
765 1746 855 1825 putet
875 1738 1069 1816 invidiosum,
1086 1746 1142 1804 aut
1157 1738 1314 1826 ¹⁰imprae·

159 1849 309 1908 stantem.
344 1841 419 1928 Epo,
438 1841 549 1927 inquit,
565 1841 643 1919 dot,
661 1841 721 1906 Dii
736 1842 815 1919 ooo,
830 1849 858 1906 ct
867 1840 936 1924 filii
949 1840 1073 1907 Eusebi
1086 1863 1199 1916 omnam·
1223 1842 1313 1908 nobis
1324 1855 1358 1948 ξι
1368 1857 1461 1906 uasta

158 1950 264 2008 autem
283 1951 471 2030 potestatem
490 1943 663 2010 divinitatis
682 1943 821 2030 bajulare
840 1964 903 2009 non
924 1942 1159 2022 sustinentibus,
1186 1943 1242 2008 Vos
1255 1967 1312 2009 ou·
1337 1929 1343 1943 '

158 2055 227 2126 tom,
243 2046 356 2134 inquit,
375 2047 487 2112 ”calm
506 2047 638 2112 domimo
658 2047 831 2114 moriamini
840 2071 850 2122 ‚·
878 2053 1010 2134 utraque
1027 2047 1172 2126 reserens,
1186 2055 1220 2113 ct
1237 2047 1312 2113 illud

158 2150 241 2238 quod
262 2159 311 2216 est
328 2151 496 2239 benignum
518 2171 583 2216 suae
606 2147 793 2226 donationis,
816 2156 849 2214 et
872 2148 1084 2216 infirmitatem
1106 2157 1256 2226 nostram,
1279 2159 1312 2217 et

158 2254 242 2340 quod
264 2275 404 2320 essemus
425 2259 541 2318 nostrae
563 2249 739 2338 potestatis.
784 2249 963 2316 Secundum
983 2249 1066 2314 enim
1085 2251 1312 2338 benignitatem

157 2375 247 2419 suam
269 2355 349 2419 bene
372 2353 458 2420 dedit
482 2353 609 2430 bonum,
628 2358 661 2416 et
682 2350 800 2416 similes
820 2349 879 2416 sibi
901 2371 967 2414 suae
985 2352 1151 2436 potestatis
1171 2353 1313 2419 homines

157 2457 250 2522 lecit:
267 2457 438 2522 secundum
452 2463 559 2520 autem
572 2453 797 2542 providentiam
812 2453 902 2518 scivit
916 2452 1076 2518 hominnm
1088 2453 1312 2536 infirmitatem,

158 2568 192 2624 et
206 2581 275 2647 quae
290 2568 420 2624 ventura
434 2565 539 2624 meent
553 2580 594 2622 ex
607 2577 666 2634 ea3
685 2555 856 2622 secundum
870 2563 976 2620 autem
990 2555 1187 2622 dilectionem
1206 2565 1238 2624 et
1253 2558 1313 2624 vir-

157 2671 259 2730 tutem
273 2662 508 2728 ¹²vincetlactae
519 2668 639 2726 naturoe
651 2659 869 2724 substantiam.
897 2656 1085 2744 Oportuerat
1094 2668 1201 2725 autem
1211 2661 1311 2746 primo

157 2776 300 2832 naturam
318 2786 476 2852 apparere,
496 2773 568 2850 post
585 2763 696 2830 deinde
713 2763 795 2828 vinci
813 2773 846 2828 et
867 2763 1021 2828 ¹³absorbi
1043 2764 1173 2829 mortale
1192 2765 1233 2829 ab
1253 2765 1310 2830 im·
1323 2777 1472 2868 {gg-'fh

156 2871 356 2948 mortalitate,
372 2876 404 2934 ct
419 2867 617 2954 corruptibile
634 2870 677 2933 ab
690 2866 991 2953 incorruptibilitate,
1012 2874 1046 2932 ct
1065 2868 1132 2932 fieri
1152 2868 1310 2934 bominem

155 2974 325 3038 secundum
339 2971 507 3060 imaginem
521 2979 553 3038 et
567 2970 802 3038 similitudinem
821 2970 893 3050 Dei,
913 2969 1072 3058 agnitione
1092 2978 1221 3058 accepta
1234 2971 1308 3042 boni

155 3083 187 3144 et
201 3076 285 3144 mali.

154 3269 255 3330 terpres.
282 3265 386 3314 Graan,
437 3265 490 3314 But
512 3264 630 3328 πρέπειν
648 3281 708 3330 may
805 3265 828 3298 ¹⁰
845 3266 1040 3330 impr-ortum,
1054 3269 1210 3330 dperddorou.

154 3362 215 3410 very
225 3347 340 3413 properly
351 3347 382 3396 be
395 3347 527 3412 expressed
541 3348 575 3412 by
586 3346 706 3396 adraim
806 3345 827 3379 ¹¹
845 3347 899 3409 On,
914 3349 967 3400 Aa,
986 3349 1055 3410 selca,
1074 3351 1156 3400 which
1171 3352 1214 3401 the
1227 3353 1311 3401 writer

153 3435 226 3490 trare,
244 3445 321 3491 epm,
342 3429 387 3480 dcc.
431 3443 451 3478 e.
463 3445 487 3492 p.
504 3429 623 3479 Tacorn.
643 3441 662 3480 1.
685 3441 705 3480 1.
756 3427 786 3478 cl'
793 3428 836 3477 tbe
847 3429 939 3478 former
949 3429 1006 3480 MS.
1020 3431 1215 3497 evidentlyrcad
1232 3433 1258 3482 in
1271 3433 1310 3482 his

155 3511 249 3574 apricos
262 3513 356 3574 θαρσῶν
366 3511 407 3560 rol
417 3513 451 3560 τὰ
461 3512 508 3570 ἐμὰ
518 3513 559 3560 rol
570 3513 603 3560 τὰ
613 3513 654 3562 cd.
756 3525 827 3574 copy,
857 3511 961 3562 menuae
982 3514 1026 3562 the
1047 3529 1190 3564 reourrenoo
1214 3514 1243 3563 oi
1266 3515 1310 3564 tho

202 3590 214 3623 ³
229 3592 283 3641 'l'be
294 3591 393 3642 Gonu.
407 3607 470 3656 copy
479 3593 553 3642 omits
563 3592 606 3646 sic.
755 3593 825 3642 word
835 3599 914 3642 oman
932 3594 1022 3642 caused
1037 3595 1089 3644 blm
1104 3599 1131 3644 to
1142 3596 1213 3645 write
1228 3597 1253 3644 in
1265 3596 1309 3645 tho

203 3671 215 3704 ⁴
231 3673 354 3735 quoniam,
371 3673 475 3736 reading
485 3673 522 3722 ὅτι
533 3673 571 3722 lor
582 3675 603 3723 d.
754 3677 888 3741 preceding
904 3676 962 3736 line,
981 3683 1059 3725 autent
1073 3677 1152 3740 inquit
1165 3677 1227 3726 oslac
1238 3684 1309 3742 polea·

203 3753 214 3786 ⁵
232 3753 287 3813 On,
298 3753 374 3814 Van,
385 3755 465 3802 Voss.
489 3753 641 3818 tulissemus,
651 3755 704 3805 Aa.
754 3764 832 3806 tmen.
867 3758 917 3808 Ga.
930 3757 980 3806 and
993 3757 1079 3807 Snus.
1093 3759 1163 3822 print
1175 3758 1243 3809 aaa.

204 3833 215 3866 ⁸
231 3836 284 3884 An.
296 3835 372 3883 omits
382 3835 510 3898 ejotanae.
803 3837 826 3870 ¹²
840 3838 924 3899 drea,
943 3838 997 3900 cn,
1009 3838 1085 3900 Vm,
1096 3838 1186 3900 Voss,
1197 3840 1244 3889 but
1255 3842 1306 3894 Aa.

129 3961 137 3976 ,
203 3916 275 3966 7Οῐι.
288 3915 401 3966 leminea
753 3920 826 3971 vinci

203 3997 356 4061 ⁸Ansacit
391 3997 446 4058 On,
458 3997 538 4048 Voss.
545 3997 618 4062 fact.
803 4000 825 4034 ¹⁸
842 4001 923 4066 Scep.
941 4013 993 4066 105,
1006 4019 1032 4052 n.
1045 4001 1068 4058 6.

202 4077 394 4128 ’tuncdrmam
405 4077 460 4144 Dii,
475 4095 549 4146 seep.
565 4095 603 4143 ar,
618 4097 643 4132 n.
657 4093 680 4144 5.
