3260 5082
499 437 732 494 potuemus
758 438 980 493 cumulum.
1149 511 1163 540 ο
1246 427 1311 492 389

117 667 120 672 ,
159 593 242 680 quod
256 615 276 658 s
291 592 425 658 Diabolo
439 591 647 668 suadebatur3
670 593 857 659 tributorum
871 602 977 658 autern
991 593 1188 658 exactoribus
1198 595 1312 680 jubens
1354 611 1407 652 mu
1417 613 1444 653 v.

159 719 215 780 pro
230 719 274 776 se,
290 705 322 761 et
336 718 393 782 pro
407 697 503 762 Petro
518 696 601 762 ¹dari
612 697 777 762 tributum:
794 697 940 784 quoniam
954 697 1092 762 ministri
1107 697 1169 762 Dei
1182 707 1261 774 ucat,
1276 699 1312 763 in
1323 661 1475 792 ‘’ffiriplj·

157 799 211 864 loe
224 802 324 886 ipsum
339 799 544 866 deservientes.
1358 799 1417 836 ’ω’
1427 799 1444 838 ⁹·

224 907 254 968 2.
300 905 454 986 Quoniam
474 904 557 968 enim
574 905 763 970 absistense
783 904 852 970 Deo
866 905 960 970 homo
978 905 1011 968 in
1025 911 1148 969 tantum
1162 905 1310 983 efferavit,

157 1014 194 1072 ut
208 1007 303 1070 etium
324 1005 588 1092 consanguineum
603 1007 724 1072 hostem
744 1007 804 1072 sibi
825 1017 958 1094 putaret,
983 1017 1016 1072 et
1036 1008 1069 1071 in
1089 1008 1174 1073 omni
1194 1009 1311 1092 inquie-

157 1109 274 1186 tudine,
290 1117 323 1174 et
337 1109 513 1187 homicidio,
529 1119 561 1174 et
580 1111 711 1174 eventia
729 1111 797 1174 sine
817 1111 929 1176 timore
947 1119 1140 1186 versaretur;
1165 1111 1313 1196 imposuit

158 1210 202 1275 illi
229 1211 319 1277 Deus
344 1211 516 1276 humanum
541 1212 695 1291 timorem,
719 1235 783 1278 non
808 1214 891 1278 enim
913 1215 1142 1300 cognoscebant
1168 1215 1313 1278 timorem

158 1313 230 1392 Dei,
260 1322 296 1379 ut
326 1314 476 1400 potestati
507 1315 668 1379 hominum
699 1316 842 1401 subjecti,
874 1325 906 1380 et
940 1317 1010 1404 lege
1042 1338 1148 1381 eorum
1180 1315 1311 1394 astricti,

158 1417 216 1481 ²nd
239 1417 356 1503 aliquid
378 1426 584 1504 assequantur
600 1418 743 1504 justitiae,
768 1426 801 1483 et
822 1418 1021 1484 moderentur
1045 1419 1086 1483 ad
1112 1417 1253 1494 invicem,
1280 1417 1313 1481 iu

158 1520 343 1584 ³mauiiesto
373 1521 566 1605 propositum
591 1520 729 1606 gladium
756 1523 913 1598 timentes,
940 1523 1021 1587 siout
1047 1522 1220 1608 Apostolus
1245 1521 1309 1585 ait:

158 1623 233 1687 Non
247 1623 327 1686 euim
338 1624 403 1687 sinc
417 1643 511 1687 caure
518 1622 660 1708 gladium
668 1633 796 1710 portat:
816 1625 879 1689 Dei
892 1625 971 1689 enim
985 1625 1123 1689 minister
1136 1634 1186 1702 eet,
1201 1623 1313 1690 vindoc

158 1725 291 1789 inirem
312 1726 341 1790 ei
362 1726 416 1810 qui
430 1725 509 1789 mele
526 1735 681 1811 optaretur.
718 1726 763 1790 Et
777 1734 904 1812 propter
923 1727 983 1792 hoc
997 1727 1111 1791 ⁴ctiam
1125 1726 1183 1813 ipsi
1198 1727 1312 1814 magis·

133 1817 140 1866 '-
159 1836 259 1892 tratus
289 1828 504 1892 indumentum
521 1828 653 1913 justitiae
674 1829 760 1915 leges
779 1830 940 1909 habentes,
961 1851 1152 1916 quoscunque
1174 1832 1260 1916 juste
1279 1838 1313 1895 ct

159 1929 297 2016 legitime
319 1931 459 2008 fecerint,
482 1930 521 1995 de
543 1931 593 1996 his
615 1953 678 1995 non
700 1931 982 2019 interrogabuntur‚
1004 1954 1105 2019 neque
1127 1953 1236 2018 poenas
1258 1933 1311 1997 da·

157 2034 245 2099 bunt.
277 2033 477 2117 Quaecunque
490 2042 596 2099 autem
610 2034 651 2098 sd
670 2035 857 2100 eversionem
870 2037 959 2120 justi,
975 2036 1080 2121 inique
1095 2043 1128 2100 et
1148 2035 1242 2119 impio
1261 2041 1312 2100 let

158 2145 267 2201 contro
284 2136 395 2222 legem,
416 2143 450 2200 et
469 2157 555 2201 more
574 2138 736 2221 tyrannico
750 2138 955 2216 exercuerint,
975 2139 1008 2201 in
1026 2139 1075 2202 his
1094 2147 1127 2202 et
1145 2139 1308 2224 peribunt;

156 2240 243 2324 justo
254 2238 372 2324 judicio
387 2237 448 2302 Dei
463 2239 504 2302 ad
518 2260 626 2303 omnes
640 2240 802 2323 esqualiter
815 2239 1021 2324 perveniente,
1036 2247 1070 2304 et
1089 2239 1122 2303 in
1136 2241 1219 2304 nullo
1237 2243 1312 2306 defi·

159 2341 269 2406 ciente.
300 2340 364 2404 ho
382 2339 550 2404 utilitatem
570 2362 645 2426 ergo
665 2341 828 2426 gentilium
847 2351 1005 2406 terrenum
1025 2363 1154 2428 regnum
1176 2344 1313 2428 positum

159 2451 209 2509 est
227 2465 248 2508 a
265 2444 350 2518 Deo;
373 2442 428 2507 sed
443 2464 506 2506 non
525 2464 546 2506 a
564 2443 698 2520 diabolo,
717 2444 770 2529 qui
791 2465 949 2529 nunquam
968 2445 1094 2509 omnino
1114 2445 1238 2530 quietus
1252 2455 1311 2527 est,

159 2547 222 2610 imo
243 2546 297 2632 qui
317 2549 374 2609 flue
394 2545 479 2630 ipsas
497 2546 621 2631 quidem
642 2554 753 2632 gentes
773 2546 838 2610 vult
856 2547 888 2610 in
905 2547 1070 2632 tranquillo
1088 2569 1196 2633 agere;
1219 2557 1254 2614 ut
1273 2551 1312 2614 ti-

159 2659 281 2714 mentes
292 2669 423 2734 regnum
432 2648 619 2726 dominum,
629 2669 691 2712 non
702 2669 736 2712 se
751 2649 949 2714 ⁸elterutrum
959 2649 1098 2714 homines
1107 2651 1173 2716 viee
1182 2651 1313 2737 piscium

1319 873 1464 884 -—...-.—...

1322 911 1442 1004 gottheit.

160 2762 356 2828 consumant,
380 2750 435 2815 sed
461 2772 517 2836 per
541 2751 662 2836 ⁹legum
685 2752 854 2836 positiones
876 2753 1086 2839 repercutiant
1112 2753 1312 2840 multiplicem

59 2889 136 2935 cun
160 2853 323 2942 gentilium
342 2854 536 2940 injustitiam.
579 2855 624 2918 Et
645 2855 815 2920 secundum
835 2856 894 2922 hoo
916 2857 1051 2921 minutii
1071 2857 1135 2923 Dei
1156 2867 1239 2937 sunt,
1259 2859 1312 2944 qui

160 2958 277 3024 tributa
291 2958 422 3044 exigunt
437 2979 457 3021 a
471 2957 571 3034 nobis,
586 2959 621 3022 iu
635 2958 688 3022 loe
702 2960 801 3043 ipsum
814 2960 984 3024 servientes.

224 3064 256 3127 3.
300 3061 374 3141 Quce
387 3071 457 3125 suut
464 3070 635 3147 potestates,
651 3084 672 3126 e
686 3061 752 3127 Deo
767 3061 921 3126 ordinate
934 3073 1025 3138 erton
1048 3063 1248 3129 manifestum
1262 3074 1312 3131 est

159 3165 305 3252 quoniam
319 3164 468 3230 mentitur
483 3163 645 3243 Diabolus,
658 3164 780 3229 dicens:
804 3165 891 3230 Mili
905 3166 1025 3230 tradite
1038 3177 1117 3246 cant,
1132 3177 1160 3232 et
1173 3170 1223 3233 cui
1237 3171 1311 3250 eolo,

159 3269 198 3333 do
212 3291 257 3334 ee.
293 3268 391 3354 Cujus
405 3268 489 3332 enim
500 3268 590 3353 jussu
604 3267 747 3333 homines
767 3277 945 3346 nascuntur,
966 3267 1059 3355 hujus
1069 3271 1161 3356 jussu
1175 3279 1207 3335 et
1221 3293 1312 3358 reges

159 3372 399 3449 constituuntur,
409 3371 475 3455 opti
484 3370 533 3435 his
542 3371 595 3456 qui
605 3370 657 3436 illo
666 3379 805 3457 tempore
813 3372 854 3436 ab
863 3371 940 3458 ipsis
949 3375 1155 3459 ¹⁰regnantur.
1177 3373 1311 3455 Quidem

159 3475 241 3539 enim
251 3474 372 3539 illorum
382 3473 424 3538 ad
436 3477 458 3515 ¹¹
467 3473 692 3558 correptionem
703 3483 736 3539 et
745 3473 913 3538 utilitatem
923 3474 1133 3558 subjectorum
1144 3477 1266 3555 dentur,
1279 3487 1312 3542 et

159 3577 423 3642 conservationem
441 3577 592 3662 justitiae:
622 3576 749 3663 quidam
774 3585 880 3640 eutem
901 3577 942 3640 ed
966 3577 1108 3642 timorem
1133 3587 1165 3642 et
1186 3601 1311 3664 poenam

159 3687 193 3744 et
208 3679 461 3763 increpationem:
486 3680 613 3766 quidem
632 3689 738 3744 autem
752 3679 793 3744 ad
807 3679 980 3745 illusionem
995 3688 1028 3744 et
1045 3682 1264 3746 contumeliam
1278 3693 1312 3748 et

61 3807 141 3850 um
159 3783 345 3868 superbiam,
361 3783 620 3868 quemadmodum
640 3793 674 3848 et
693 3783 780 3870 digni
799 3791 890 3858 sunt;
915 3783 975 3848 Dei
987 3783 1074 3869 justo
1086 3785 1214 3873 judicio,
1230 3787 1311 3854 siem

209 3961 219 3993 ¹
237 3961 291 4022 cu,
305 3961 382 4021 Vsu,
396 3961 486 4022 Voss„
499 3962 546 4012 bnt
562 3964 613 4011 An.
626 3962 694 4014 dere.
810 3961 822 3996 ⁰
838 3965 938 4014 cursu.
952 3981 981 4014 ne
987 3985 999 4022 ,·
1015 3968 1066 4016 As.
1080 3967 1124 4017 teo.
1137 3983 1187 4018 nee.

209 4042 221 4074 ¹
236 4043 271 4092 ad
285 4042 390 4106 diocia,
407 4044 470 4092 reret
483 4061 513 4092 τι.
549 4045 583 4094 So
595 4045 639 4093 the
653 4045 708 4106 cu,
811 4045 822 4078 ⁷
839 4047 948 4106 Cursu,
962 4047 1060 4108 Voss.;
1084 4048 1227 4112 lunanum,
1241 4051 1293 4102 As.

159 4126 250 4184 Voss,
265 4123 353 4173 Mrnc.
368 4136 397 4174 11.
437 4124 491 4173 'I'he
501 4125 552 4174 As.
566 4125 619 4175 also
629 4142 710 4175 eorum
811 4125 822 4159 ⁸
839 4128 939 4178 Cursu.
952 4128 1072 4179 alterutro.

159 4206 262 4270 utute
810 4206 1223 4271 ⁹omu.,v0ss.1‹qtm;nr.
1242 4211 1307 4275 lego,

207 4287 369 4351 ’mattam
405 4287 456 4336 As.
469 4286 630 4350 manifestato.
761 4287 808 4336 but
822 4303 870 4350 per
891 4289 970 4351 legem
987 4289 1131 4353 positionem
1147 4307 1225 4342 seems
1241 4311 1310 4344 more

207 4368 219 4400 ⁴
236 4371 346 4429 Ouum,
362 4370 414 4418 An.
429 4367 508 4428 amm,
528 4369 610 4418 which
628 4368 708 4418 there·
760 4369 878 4420 suitsble:
897 4385 951 4432 ep.
964 4372 1056 4431 hahetis
1067 4374 1116 4420 τῶν
1126 4373 1202 4433 νόμων
1213 4376 1307 4426 θέσεως.

159 4451 211 4500 tore
223 4451 243 4499 is
254 4451 328 4500 made
338 4455 365 4501 to
376 4451 473 4514 repleoo
483 4457 511 4500 et
809 4449 830 4481 ¹⁰
846 4458 986 4513 repetente,
1000 4451 1077 4502 MSS.
1100 4455 1278 4516 βασιλεύονται.

208 4531 321 4580 ³Msss
335 4533 425 4581 inserts
435 4539 458 4580 et
468 4532 533 4581 from
544 4531 588 4581 the
603 4530 705 4582 Cursu.
809 4530 1022 4595 ”coemptionem
1042 4533 1119 4584 MSS.
1155 4535 1206 4587 Gn.
1224 4552 1310 4588 corne

159 4611 209 4662 sud
220 4613 300 4663 Voss.
313 4613 390 4666 Mes,
404 4614 486 4665 which
500 4614 545 4664 the
555 4613 608 4664 Au.
622 4613 704 4664 omia.
757 4613 852 4664 taonem
