3270 5080
389 394 437 447 ΕΤ
462 393 734 448 scmsttsutcos
761 393 1022 458 QUOSGUNQUE.
1220 378 1285 443 261

1300 569 1355 610 orn.
1365 569 1404 609 tv.
1413 569 1452 610 llll.

613 631 706 733 Κεφ.
734 631 796 724 κγ’.
1304 618 1453 703 σαίνουσι.

1312 707 1441 749 HASMV.

134 787 454 881 Quemadmodum
468 786 740 888 y‘ttdioobuotor
764 787 831 888 qui
853 785 1051 863 schismata
1074 800 1285 888 αρινοιιιαν,
1326 756 1394 795 ”¹¹¹¹
1410 757 1429 801 ⁷'

208 920 240 981 et
267 931 388 982 omues
413 904 480 1005 qui
496 931 533 981 se
557 917 746 1006 seqreyoot
772 905 819 980 ol>
841 904 1029 980 Ecclesia:
1058 919 1090 980 et
1115 903 1288 1004 quemad·

207 1021 355 1098 modum
374 1021 500 1097 ουυιία
517 1035 679 1098 coustant
697 1021 731 1098 ου’
748 1021 813 1124 qni
829 1035 879 1097 ost
896 1021 1184 1097 Ecclesiasticus

27 1199 111 1245 ιιινι
137 1190 168 1239 Ι.
214 1168 511 1240 ΑΝΑΚΡΙΝΕΙ
547 1167 581 1240 δὲ
609 1169 663 1240 καὶ
693 1168 789 1246 ιτοῦς
818 1167 863 1241 τὰ
893 1170 1073 1266 σχίσματα
1103 1167 1451 1290 ε’ργαζομὲ-ρόριῶιτιρὴ

135 1313 213 1366 νονς,
227 1280 332 1359 κενοῦς
353 1282 451 1359 ὄντας
465 1289 523 1364 τῆς
542 1287 606 1354 τοῦ
622 1283 711 1352 Θεοῦ
728 1279 870 1375 ἀγάπης,
887 1281 941 1352 καί
959 1281 1003 1354 τὸ
1016 1281 1099 1353 ἴδιον
1113 1281 1288 1360 λυσιτελὲς
1299 1276 1432 1383 ῗξιξῐῖῐῑζξξι

27 1417 109 1458 (Μω-
135 1400 352 1478 σκοποῦντας,
384 1392 476 1466 ἀλλὰ
513 1393 558 1478 μὴ
586 1395 647 1477 τὴν
678 1395 791 1466 ἕνωσιν
828 1401 888 1477 τῆς
918 1393 1101 1477 ἐκκλησίας·
1146 1395 1200 1466 καὶ
1234 1393 1288 1466 διὰ

132 1504 251 1606 μικρὰς
273 1506 326 1578 καί
352 1507 537 1603 ’τυχούσας
562 1507 670 1583 αἰτίας
698 1505 742 1579 τὸ
765 1506 855 1600 μέγα
879 1507 934 1578 καὶ
959 1505 1091 1602 ἔνδοξον
1110 1512 1206 1592 σῶμα
1226 1513 1290 1580 τοῦ

132 1619 296 1718 Χριστοῦ
313 1619 494 1703 τέμνοντος
512 1620 566 1691 καί
586 1618 801 1718 διαιροῦντας,
828 1620 882 1690 καὶ
908 1621 990 1691 ὅσον
1016 1618 1060 1692 τῦ
1089 1620 1140 1692 ἐπ’
1168 1621 1288 1706 αῦτοῖς,

134 1733 357 1831 ἀναιροῦντας
399 1732 475 1809 τοὺς
512 1735 634 1832 α’ρῆυηυ
659 1737 866 1810 3λαλοῦντας
889 1731 944 1804 καί
969 1733 1120 1817 πόλεμον
1146 1733 1290 1836 ἕργαζο·

132 1844 254 1929 μένους,
273 1847 402 1928 α’ληθῶς
421 1843 626 1946 διυλίζοντας
645 1843 707 1917 τὸν
730 1846 866 1918 κώνωπα
888 1843 949 1920 τὸν
968 1843 1003 1916 δὲ
1020 1842 1168 1930 κάμηλον
1185 1877 1290 1918 κατα-

133 1958 298 2034 τίνοντας.
344 1955 491 2041 Οὐδεμία
509 1956 544 2028 dd
562 1959 744 2041 τηλικαῦτη
764 1955 897 2031 divor-at
918 1955 1002 2058 πρὸς
1021 1959 1127 2032 αῦτιῦν
1144 1960 1289 2060 4κατόρ-

134 2073 233 2147 θωσις
265 2070 430 2162 γενέσθαι,
460 2071 553 2153 ἡλίκη
585 2075 651 2142 τοῦ
683 2070 878 2166 σχίσματός
907 2072 1002 2142 ἔστιν
1030 2075 1048 2154 ἡ
1081 2073 1287 2161 βλάβη·

134 2179 246 2255 τᾶντα
260 2236 268 2253 .
283 2235 291 2252 .
305 2234 314 2252 .
327 2183 532 2266 συνέστηκεν·
557 2185 623 2260 ὗείς
642 2183 697 2253 ἕνα
715 2181 801 2254 Θεὸν
824 2179 1095 2283 ταντακριίτορα,
1121 2182 1160 2278 ἐξ
1185 2187 1226 2256 οῦ
1242 2185 1288 2258 τὰ

133 2290 254 2380 πάντα,
282 2296 398 2372 πίστις
420 2296 614 2396 ὁλόκληρος·
640 2295 694 2367 καὶ
718 2297 761 2372 είς
785 2294 847 2370 τὸν
863 2293 949 2367 Υίὸν
971 2301 1033 2369 τοῦ
1054 2297 1142 2368 Θεοῦ
1161 2297 1289 2382 Ἰησοῦν

603 2505 706 2571 GAP.
729 2504 826 2572 LIII.

200 2647 230 2707 1.
275 2641 464 2707 Jnnrcsnrr
486 2646 592 2706 autem
613 2648 647 2706 at
669 2645 741 2706 ¹eos
763 2639 816 2728 qui
842 2639 1013 2706 schismata
1036 2649 1214 2727 operantur,
1235 2644 1289 2729 qui

133 2752 207 2810 sunt
228 2745 346 2824 inanes,
368 2765 431 2810 non
452 2743 603 2811 habentes
626 2743 688 2810 Dei
709 2743 917 2824 dilectionem,
943 2765 1094 2830 suamque
1119 2743 1289 2814 utilitatem

134 2848 239 2935 potius
250 2847 482 2914 considerantes
496 2869 589 2936 quam
600 2847 754 2913 unitatem
771 2847 939 2914 Eoolesiae:
957 2855 990 2913 et
1004 2857 1130 2934 propter
1151 2849 1290 2922 modioas

132 2960 166 3017 et
183 2951 337 3039 quaslibet
351 2973 462 3018 causas
481 2973 630 3039 magnum
648 2959 682 3016 et
695 2951 864 3038 gloriosum
883 2973 996 3036 eorpus
1015 2951 1132 3016 Christi
1147 2953 1289 3020 oonsoin·

133 3055 212 3120 dunt
232 3063 267 3120 et
289 3054 439 3134 dividunt,
463 3062 497 3120 et
522 3063 673 3139 quantum
698 3053 731 3117 in
754 3053 830 3140 ipsis
849 3061 909 3133 est,
939 3053 1147 3122 interficiunt:
1177 3077 1288 3142 paoem

133 3157 294 3244 loquentes
312 3167 344 3223 et
368 3157 482 3224 bellum
501 3165 685 3242 operantes:
716 3179 788 3222 vere
807 3155 964 3242 liquantes
984 3155 1115 3222 oulioem
1131 3167 1164 3223 et
1185 3181 1287 3226 oame-

133 3260 198 3326 lum
211 3260 475 3348 transglutientes.
504 3259 599 3326 Nulla
608 3259 692 3325 enim
703 3260 744 3325 ab
755 3259 801 3324 eis
812 3267 902 3324 tanta
913 3267 1017 3344 potest
1028 3258 1096 3324 lieri
1107 3263 1284 3343 ‘eorrectio
1296 3276 1357 3364 ,Ἆρα
1366 3280 1426 3320 mu

133 3372 250 3450 quanta
270 3372 320 3430 est
340 3364 517 3430 schismatis
533 3362 697 3449 pernicies.
740 3362 765 3426 J
767 3362 904 3427 udioabit
923 3370 1029 3427 autem
1050 3371 1083 3428 et
1104 3386 1213 3431 omnes
1231 3387 1287 3432 eos

134 3467 186 3554 qui
206 3475 281 3532 sunt
297 3475 387 3532 extra
405 3467 577 3545 veritatem,
599 3465 701 3530 idest
723 3464 776 3550 qui
797 3471 871 3529 sunt
892 3473 983 3529 extra
1003 3464 1197 3531 Ecclesiam:
1221 3465 1288 3554 ipss

133 3577 238 3634 autem
261 3593 282 3636 a
303 3569 427 3635 nemine
448 3569 651 3658 judicabitur.
689 3568 805 3633 Omnia
824 3567 907 3632 enim
933 3567 962 3632 ei
988 3576 1153 3634 constant:
1182 3581 1216 3636 et
1239 3571 1289 3638 ”iu

134 3693 231 3738 unum
251 3671 355 3737 Deum
375 3673 629 3759 omnipotentem,
651 3666 692 3736 eir
712 3693 774 3756 quo
794 3669 909 3748 omnio,
924 3670 1020 3734 ⁶fides
1040 3670 1179 3758 integrm
1202 3679 1236 3738 et
1255 3673 1290 3740 in

183 3805 194 3838 ¹
213 3807 332 3856 omissam
345 3807 498 3870 partialem
512 3806 683 3871 copulativam,
735 3807 842 3865 ὀνόματα
860 3803 966 3868 τυχόντα
979 3805 1006 3853 in
1020 3805 1064 3854 tue
1079 3805 1170 3856 Greek,
1204 3811 1289 3870 τυχού-

134 3891 183 3951 xal,
192 3887 267 3953 ponti
282 3889 311 3938 ι’νι
326 3889 405 3938 boum
415 3890 444 3938 τὸ
461 3891 529 3950 θεῖον,
549 3889 614 3952 quood
630 3889 684 3938 Do·
735 3903 788 3948 σαι,
805 3887 912 3936 without
925 3886 970 3935 the
986 3885 1080 3948 article,
1097 3901 1147 3936 was
1164 3889 1289 3940 mistam

133 3969 299 4021 υιαοαιυαιαιί
308 3985 403 4020 mutua
411 3969 576 4032 tmtpkodam
584 3965 687 4032 αιϋεῦίις
735 3969 775 4018 for
784 3968 801 4015 i
810 3968 923 4032 ὑψούσας,
937 3967 980 4018 the
990 3967 1092 4034 reading
1104 3969 1133 4018 oi
1140 3969 1183 4019 the
1190 3971 1289 4023 various

132 4055 180 4104 but
198 4053 250 4104 An.
273 4053 349 4102 omits
366 4057 394 4113 et,
415 4051 464 4100 and
481 4067 540 4116 may
557 4057 602 4101 not
618 4051 686 4100 nm
735 4050 848 4116 editions.

132 4133 438 4186 bavebeennbsorbedin
455 4135 505 4184 eorl
526 4133 564 4184 Ol.
578 4133 684 4198 thoprs-
784 4130 947 4182 ’λαλοῦυτακ
974 4131 1021 4180 See
1034 4129 1087 4193 160,
1100 4129 1124 4194 6,
1139 4131 1253 4195 snd16r‚
1267 4149 1287 4188 1.

132 4219 222 4282 ending
231 4218 305 4267 letter
317 4217 355 4268 M.
369 4213 429 4279 (ω.)
784 4211 796 4244 ⁴
812 4214 863 4263 Aa.
873 4213 1005 4277 cunetatio:
1021 4213 1102 4265 Voss.
1111 4216 1287 4280 eorreptionem.

181 4295 261 4346 ¹'I'he
278 4301 335 4346 true
351 4295 463 4358 reading,
485 4309 513 4343 as
528 4293 623 4344 anns
642 4294 685 4343 ob·
784 4293 912 4346 “Cusum
931 4296 981 4346 and
997 4298 1048 4348 Aa.
1067 4298 1116 4348 and
1133 4317 1207 4366 every
1218 4303 1291 4352 other

132 4395 221 4440 senes,
234 4377 406 4442 inmanifestly
417 4379 546 4438 τυχούσαις
559 4375 626 4435 thus,
640 4378 686 4437 οὐχ
736 4374 794 4426 MS.
808 4377 871 4425 omit
884 4375 919 4438 ιὀ,
938 4377 989 4427 and
1004 4379 1044 4427 sor
1054 4379 1124 4442 fides,
1141 4382 1183 4431 tho
1196 4383 1289 4433 tomen

133 4463 236 4522 ὐτυχὼν
248 4462 358 4522 κίνδυνοι,
376 4461 397 4510 is
410 4458 529 4509 rendered
543 4473 593 4507 ινοιι
610 4457 684 4522 quod·
735 4457 806 4506 reads
812 4457 871 4519 fids.
891 4459 945 4507 Tho
955 4459 1041 4510 reader
1050 4477 1109 4526 may
1117 4467 1176 4512 nota
1184 4467 1289 4514 another

131 4543 187 4593 lita
199 4543 346 4606 podendum,
358 4555 384 4592 ν.
398 4553 482 4602 1qu
499 4541 550 4591 and
566 4557 627 4590 near
641 4541 685 4590 the
735 4539 802 4588 clear
819 4540 978 4590 enunciation
996 4543 1024 4590 of
1039 4543 1102 4592 saith
1120 4545 1147 4594 in
1163 4547 1206 4596 the
1217 4547 1289 4612 Holy

132 4637 200 4672 sorno
210 4623 286 4687 plane,
298 4622 400 4674 omniuo
410 4622 525 4686 qrtoellltet,
539 4637 646 4672 answers
658 4626 685 4669 to
735 4621 842 4686 ffintty.
