3276 5086
210 581 263 621 ΜΒ.
276 583 302 622 V.

197 629 284 713 Glldld.
291 675 319 714 lx.

199 721 277 759 Mass.
286 721 313 760 V.

228 766 257 805 ia.
267 768 283 805 l.

347 395 414 460 342
828 410 922 463 v1ra
948 411 1016 462 nur

346 581 403 627 nos
422 563 588 641 retardare,
613 569 646 626 et
667 560 830 626 ostendere
854 569 1015 640 conentur,
1037 582 1100 626 non
1125 561 1236 626 salvari
1260 561 1503 648 psalmationem

346 666 428 731 Dei:
452 687 515 730 non
529 665 756 752 conspicientes
767 664 842 751 quia
855 671 930 730 sunt
944 665 1014 743 tris,
1037 687 1077 729 ex
1098 665 1221 750 quibus,
1238 665 1502 751 quemadmodum

345 769 545 847 ostendimus,
561 768 716 854 perlectus
738 767 831 832 homo
852 775 986 845 constet,
1009 789 1101 832 carne
1122 767 1228 832 anima
1248 776 1282 832 et
1306 767 1439 852 spiritu:
1467 777 1502 833 et

344 872 442 937 altero
457 872 581 958 quidem
596 871 735 936 salvante
753 879 786 935 et
805 871 971 957 figurante,
986 869 1039 958 qui
1054 878 1104 934 est
1119 870 1272 956 Spiritus;
1296 870 1394 934 altero
1416 871 1502 956 quod

345 975 450 1039 unitur
461 983 493 1038 et
507 974 667 1052 formatur,
679 973 762 1060 quod
773 981 822 1038 est
829 995 921 1048 caro;
949 973 998 1037 ¹id
1009 995 1080 1038 vero
1092 973 1175 1059 quod
1189 973 1270 1038 inter
1283 973 1351 1037 baec
1361 979 1411 1038 est
1425 973 1499 1052 duo,

346 1077 429 1162 quod
443 1083 492 1142 est
505 1076 626 1140 anima:
651 1097 720 1162 qum
735 1075 899 1160 aliqnando
911 1075 1037 1160 quidem
1050 1076 1242 1161 subsequens
1256 1074 1427 1160 ’spiritum
1437 1075 1500 1140 cle·

346 1187 436 1244 vatur
450 1179 490 1243 ob
504 1198 562 1252 eo;
586 1177 751 1262 aliquando
766 1186 872 1242 autem
893 1177 1091 1243 consentiens
1112 1177 1208 1255 comi,
1225 1177 1340 1242 decidit
1354 1177 1387 1242 iu
1402 1184 1501 1242 terre·

347 1303 405 1346 uas
419 1281 695 1366 concupiscentias.
728 1281 908 1366 ³Quotquot
922 1302 997 1366 ergo
1012 1280 1043 1344 id
1061 1281 1143 1368 quod
1157 1279 1256 1345 solvat
1270 1288 1303 1344 et
1316 1279 1431 1345 format
1444 1279 1500 1343 ⁴iu

347 1386 453 1463 vitam,
470 1384 671 1462 nonhabent,
692 1383 725 1446 hi
746 1391 971 1469 consequenter
988 1393 1080 1449 erunt
1102 1389 1135 1448 et
1156 1385 1349 1448 vocabuntur
1370 1403 1443 1447 caro
1465 1391 1501 1448 et

347 1489 494 1574 sanguim
519 1487 632 1573 quippe
646 1486 698 1571 qui
714 1507 776 1550 nou
791 1487 907 1551 hubent
923 1487 1074 1573 Spiritum
1089 1485 1150 1550 Dei
1165 1487 1198 1550 in
1212 1507 1255 1551 se.
1294 1485 1428 1572 Propter
1438 1486 1500 1552 hoc

347 1599 453 1656 autem
475 1597 508 1655 et
531 1589 645 1654 mortui
665 1588 745 1654 tales
760 1589 836 1654 dicti
851 1597 960 1654 sunta
976 1589 1131 1654 Domino:
1156 1589 1259 1653 Sinite
1272 1591 1362 1667 enlm,
1385 1589 1498 1675 inquit,

346 1705 476 1760 momuoo
488 1693 616 1780 sepelire
629 1703 758 1758 mortuos
779 1715 862 1767 auom
886 1693 1033 1780 quoniam
1054 1715 1117 1758 non
1138 1694 1254 1758 habent
1275 1693 1424 1779 Spiritum
1445 1693 1500 1780 qui

346 1797 481 1860 vivificet
495 1795 662 1860 hominem.
707 1796 867 1880 Quotquot
881 1803 986 1860 autem
1001 1794 1114 1860 timent
1129 1793 1242 1872 Deum,
1268 1802 1301 1859 et
1321 1794 1451 1859 credunt
1465 1795 1500 1858 in

347 1898 513 1962 adventum
538 1897 611 1961 Filii
637 1899 714 1983 ejus,
735 1907 767 1962 et
791 1897 962 1983 perfidem
984 1899 1179 1963 constituunt
1204 1898 1237 1962 iu
1263 1897 1408 1963 cordibus
1433 1896 1500 1962 suis

349 1999 500 2085 Spiritum
519 1998 590 2077 Dei,
605 1997 638 2063 hi
654 2000 733 2064 tales
746 2003 846 2086 ⁶juste
859 1999 1002 2064 homines
1016 1999 1168 2078 dicentur,
1190 2007 1223 2064 et
1240 1999 1347 2064 mundi
1362 2007 1396 2065 et
1409 1998 1500 2084 spiri·

347 2102 426 2166 telce
438 2109 470 2166 et
484 2102 622 2166 viventes
638 2101 718 2179 Deo,
740 2101 812 2187 quia
826 2101 943 2165 habent
964 2101 1114 2188 Spiritum
1136 2101 1251 2180 Petris,
1274 2101 1327 2188 qui
1349 2103 1500 2168 emundet

348 2205 516 2283 bominem,
532 2213 565 2270 et
579 2204 719 2270 sublevat
734 2205 766 2268 in
780 2205 877 2270 vitam
892 2203 965 2270 Dei.

413 2311 444 2374 2.
484 2307 573 2372 Siout
587 2306 672 2370 euim
693 2327 765 2370 caro
786 2305 922 2387 infirm,
937 2304 984 2369 sic
1004 2306 1133 2390 spirituo
1152 2313 1346 2391 promptus
1362 2303 1499 2369 Domino

347 2409 561 2476 testimouium
586 2409 716 2494 occepit.
770 2407 835 2473 Hic
861 2415 910 2473 est
936 2415 1047 2494 potens
1073 2407 1220 2491 perficere
1248 2429 1439 2493 quaeounque
1464 2409 1499 2472 in

346 2521 492 2601 promptu
517 2513 621 2578 hebet.
667 2513 701 2577 Si
732 2512 838 2600 igitur,
855 2512 932 2577 tboc
961 2511 1044 2598 quod
1069 2519 1118 2576 est
1144 2519 1321 2597 promptum
1351 2511 1497 2597 Spiritus,

346 2617 517 2681 admisceat
541 2615 653 2700 aliquis
677 2615 761 2680 velut
786 2615 946 2680 stimulum
967 2613 1140 2678 infirmitati
1164 2615 1276 2693 cornis,
1295 2635 1422 2679 necesse
1448 2622 1499 2679 est

347 2719 533 2796 omnimodo,
546 2726 582 2782 ut
596 2719 629 2782 id
643 2717 725 2803 quod
737 2725 786 2782 est
799 2717 878 2782 forte
892 2725 1017 2803 superet
1037 2717 1203 2796 infirmum,
1219 2717 1265 2781 ita
1279 2725 1314 2781 ut
1334 2717 1496 2783 obsorbea-

346 2827 399 2884 tur
418 2819 583 2884 infirmitas
604 2818 706 2886 carnis
724 2839 745 2883 a
762 2819 943 2884 fortitudine
966 2818 1120 2905 Spiritus:
1144 2827 1177 2884 et
1199 2839 1269 2884 esse
1290 2840 1364 2884 eum
1379 2819 1433 2904 qui
1452 2819 1497 2885 sit

347 3058 445 3120 integri,
454 3057 505 3105 An.
514 3055 897 3116 enimetMnno.11.desuntilla;
946 3059 1202 3122 totheApollinarisn
1212 3058 1342 3107 confusion
1350 3059 1379 3107 ol
1383 3063 1434 3107 two
1442 3059 1500 3108 sub

346 3145 514 3200 commanos
522 3136 654 3186 retardare.
690 3136 898 3187 InOn.veroista
946 3143 1043 3189 stcnoes
1060 3140 1086 3188 in
1103 3140 1194 3190 Christ
1230 3140 1283 3189 The
1299 3141 1452 3204 expressions
1474 3142 1504 3190 ol

346 3221 471 3268 duntaxat
480 3235 486 3278 ;
503 3225 524 3266 et
540 3231 583 3266 ooo
601 3217 734 3268 retardare.
770 3218 801 3266 In
813 3218 894 3270 Voss.
948 3221 1036 3269 Pnano
1052 3221 1079 3270 iu
1095 3222 1135 3270 his
1150 3221 1312 3286 psychology,
1325 3238 1367 3270 are
1383 3239 1414 3271 an
1427 3228 1501 3272 exuet

347 3301 460 3364 denique,
470 3299 622 3349 etowccdm.
635 3300 723 3350 Maso.
738 3301 833 3350 Gnaei:
841 3301 898 3350 mis·
947 3307 1107 3367 counterpart
1115 3303 1144 3352 of
1151 3303 1202 3352 this
1209 3303 1321 3352 heretic's
1332 3305 1465 3353 assertione
1473 3305 1500 3352 in

347 3381 387 3432 led
394 3382 453 3430 him.
471 3381 582 3431 Thecla.
591 3381 731 3444 hasetpuoe,
742 3383 784 3432 dte
805 3381 849 3431 Cn.
859 3382 899 3430 for
946 3384 1072 3448 theology,
1090 3399 1134 3446 ep.
1146 3385 1190 3432 the
1205 3389 1276 3448 great
1289 3388 1383 3432 master
1392 3399 1458 3448 says,
1472 3385 1499 3433 in

346 3479 374 3512 ee
384 3463 485 3525 quobus
496 3469 517 3511 ot
529 3478 569 3525 pu,
583 3463 633 3511 and
641 3465 684 3511 the
694 3463 791 3527 margin
803 3465 847 3512 has
854 3463 897 3512 the
947 3463 990 3512 the
1002 3463 1115 3525 Timoesoe,
1135 3467 1178 3524 τῆς
1190 3465 1317 3526 ἀμερίστου
1331 3465 1372 3512 rol
1385 3465 1422 3513 del
1435 3467 1500 3514 κατὰ

346 3543 425 3593 words
433 3543 481 3592 eloi
486 3543 634 3606 amomon,
644 3544 694 3592 and
701 3545 741 3593 rui
749 3543 895 3606 copularum,
947 3547 1026 3594 τουτο
1037 3547 1139 3607 έχούσης
1151 3546 1230 3594 οὐσίας
1242 3547 1282 3594 rnl
1293 3547 1336 3604 τῆς
1350 3543 1382 3594 od
1396 3547 1450 3608 περὶ
1466 3549 1500 3595 τὰ

345 3627 372 3675 in
387 3642 403 3674 a
419 3625 508 3690 highly
522 3626 630 3687 ancient,
645 3626 667 3674 ir
675 3630 721 3674 not
735 3625 762 3673 in
778 3626 821 3674 the
831 3630 898 3674 tran·
947 3627 1051 3686 σώματα
1073 3629 1215 3689 γιγνομένης
1236 3629 1350 3689 μεριστῆς
1371 3627 1452 3690 τρίτον
1473 3629 1500 3688 έξ

345 3709 456 3758 scriber's
467 3709 651 3772 handwriting3
674 3709 720 3757 hos
737 3706 842 3757 οουοίοοο
856 3723 898 3756 ou·
947 3709 1036 3769 ἀμφοῖν
1047 3710 1072 3756 έν
1081 3709 1148 3769 μέσῳ
1158 3709 1331 3770 ξυνεκεράσοτο
1338 3709 1418 3758 obolas
1430 3709 1497 3768 εἶδος,

343 3791 452 3852 polorum
462 3789 537 3838 fallen
548 3794 593 3838 out
604 3789 632 3838 of
642 3789 685 3838 the
695 3790 767 3838 texti
788 3787 899 3852 possibly
947 3791 990 3848 τῆς
1006 3807 1034 3837 τε
1050 3791 1140 3838 ταύτοῦ
1157 3792 1251 3852 φύσεως
1268 3786 1300 3838 οὗ
1320 3790 1376 3852 περὶ
1393 3791 1433 3838 καὶ
1455 3793 1499 3850 τῆς

346 3871 410 3918 from
420 3869 504 3918 before
511 3869 703 3931 phaenicium.
947 3871 1056 3932 θατέρου,
1077 3872 1117 3919 ral
1135 3872 1198 3920 κατὰ
1215 3872 1295 3919 ταῦτα
1313 3871 1458 3930 ξυνέστησεν
1474 3873 1499 3919 ἐν

394 3952 405 3982 ¹
422 3951 474 4000 The
491 3950 545 4000 soul
561 3951 590 3999 ot'
603 3951 645 4000 the
662 3949 746 4009 world,
765 3947 898 4012 according
945 3953 1012 4013 μέσῳ
1026 3954 1109 4000 τοῦτο
1123 3952 1223 4014 ἀμέρους
1238 3952 1368 4001 αὐτῶνκαὶ
1379 3953 1423 4001 τοῦ
1433 3953 1498 4002 κατὰ

345 4037 372 4081 to
382 4033 426 4080 the
438 4031 552 4080 Platouic
562 4031 658 4094 theory,
672 4029 804 4094 composed
815 4029 843 4076 ol
854 4029 898 4077 the
946 4033 1091 4091 τὰσώματα
1102 4033 1222 4092 μεριστοῦ.
1256 4047 1281 4094 p.
1296 4043 1325 4094 35
1339 4043 1366 4080 A.

345 4113 429 4162 divine
442 4111 569 4177 principle,
587 4115 682 4174 τοῦτον,
698 4111 748 4160 and
763 4112 806 4160 the
819 4117 896 4160 mete·
994 4109 1006 4142 ¹
1022 4111 1072 4160 Aa.
1086 4111 1160 4159 omits
1170 4110 1289 4173 spiritum.

345 4194 399 4254 rial,
425 4195 529 4256 θάτερον,
551 4194 640 4258 evenly
655 4193 781 4252 balanced,
802 4209 852 4242 was
869 4209 896 4241 es
994 4191 1138 4254 ’quotquot
1154 4192 1198 4240 Gt.
1212 4191 1285 4254 quod.

345 4277 388 4324 the
399 4277 542 4340 prototypal
552 4277 616 4324 form
628 4277 656 4324 oi
667 4277 710 4324 the
727 4276 821 4324 human
832 4275 893 4334 oul,
993 4273 1049 4322 ‘in
1059 4273 1212 4334 strumae
1226 4273 1258 4323 al.
1273 4280 1295 4322 ot
1307 4273 1428 4324 melotem.
1459 4277 1497 4326 Of.

345 4357 427 4404 which
437 4373 488 4405 was
503 4357 623 4422 similarly
634 4357 774 4422 composed.
808 4357 834 4404 It
845 4371 895 4404 was
943 4355 1000 4405 infr.
1010 4356 1129 4417 Spiritum
1140 4355 1182 4418 qui
1191 4355 1293 4416 cleptem
1304 4355 1358 4418 (On.
1371 4355 1486 4421 oio'fioet).

344 4437 389 4486 the
400 4435 513 4486 Pletonic
528 4437 656 4488 confusion
671 4440 699 4487 of
713 4441 756 4487 the
773 4443 822 4487 two
840 4437 895 4485 sub·
993 4437 1004 4468 ⁶
1022 4439 1043 4486 ol
1059 4437 1163 4485 τοιοΐντοι
1182 4437 1276 4486 deretur
1291 4436 1411 4499 ἅνθρωποι
1427 4438 1499 4500 podo}

344 4523 441 4566 stanoes
453 4519 478 4566 in
490 4534 537 4566 ono
548 4519 630 4567 mixed
641 4521 773 4568 substance
784 4535 813 4567 or
826 4519 895 4567 οὐσία
944 4535 1034 4577 οουτοι,
1050 4519 1149 4580 καθαροί
1159 4535 1187 4565 τε
1199 4520 1361 4578 πνευματικοί,
1374 4522 1449 4569 κ.τ.λ.

343 4599 401 4648 thet
411 4615 479 4648 more
490 4599 551 4648 than
569 4600 692 4663 orything
708 4601 757 4648 else
773 4615 836 4663 gave
847 4601 895 4647 rioe
994 4598 1004 4631 ⁶
1021 4600 1049 4648 τὸ
1061 4601 1181 4661 πρόθυμον
1192 4600 1235 4648 τοῦ
1246 4602 1387 4660 πνεύματος.
