3292 5068
324 354 366 418 82
696 369 812 422 sormi
837 368 1095 420 resonamus

183 541 285 626 napi.
323 542 395 585 eum
425 541 562 606 passum,
588 521 770 586 naturaliter
798 521 1019 607 impassibilem
1045 521 1265 586 exsistentem:
1292 517 1344 604 qui
1368 523 1474 581 autem

160 599 309 719 flffilssspfltt·
324 645 343 687 a
359 622 529 688 Valentino
550 634 634 702 sunt,
658 625 770 689 desum
793 625 917 710 quidem
941 627 993 711 qui
1015 625 1057 689 sit
1080 647 1119 689 err
1144 621 1353 707 dispositione,
1373 621 1474 704 ipsum

163 727 308 814 ..¹-'¹¹’-
324 747 392 790 essa
412 728 464 813 qui
485 749 540 814 per
557 727 692 791 Mariam
712 728 879 804 transierit,
895 728 927 790 in
943 749 1035 814 quem
1050 726 1134 789 illum
1151 725 1190 790 de
1204 723 1353 810 superiori
1370 723 1474 787 Salva-

323 838 423 895 torem
436 831 641 908 descendisse,
661 853 753 918 quern
773 841 805 896 et
821 831 998 896 ¹Christum
1013 829 1084 907 dici,
1100 829 1244 915 quoniam
1261 827 1399 892 omnium
1422 826 1474 912 qui

246 1015 251 1025 Ι
324 935 499 1000 emisissent
514 957 595 1014 eurn,
612 935 740 1000 haberet
755 934 923 1000 vocabula:
947 933 1149 1020 participasse
1161 941 1267 996 autern
1282 954 1352 996 cum
1368 953 1406 996 eo
1421 931 1473 1016 qui

323 1047 406 1103 esset
420 1061 459 1103 ex
483 1038 685 1123 dispositione
700 1039 739 1103 de
760 1061 818 1104 sua
840 1039 955 1103 virtute
978 1045 1011 1103 et
1034 1038 1073 1103 de
1087 1060 1143 1102 suo
1159 1037 1292 1114 nomine,
1316 1040 1373 1100 ²ut
1391 1057 1474 1100 mors

322 1165 377 1229 per
391 1143 473 1208 hunc
491 1151 700 1220 evacuaretur,
722 1153 960 1230 cognosceretur
981 1151 1087 1207 autern
1104 1141 1199 1205 Pater
1213 1163 1268 1226 per
1282 1161 1352 1204 eum
1369 1140 1473 1205 Salva-

321 1257 421 1312 torem
437 1249 576 1334 ”quidem
591 1248 643 1334 qui
660 1247 792 1333 desuper
810 1245 1030 1322 descendisset,
1049 1267 1141 1330 quem
1156 1253 1188 1309 et
1203 1245 1304 1329 ipsum
1318 1245 1473 1329 ⁴recepta-

322 1351 424 1415 culum
441 1350 555 1414 Christi
575 1359 606 1414 et
624 1350 774 1414 universae
788 1349 986 1435 plenitudinis
1001 1371 1069 1414 esse
1089 1349 1206 1427 dicunt,
1223 1349 1328 1435 lingua
1349 1349 1473 1434 quidem

322 1475 417 1517 unum
435 1453 591 1517 Christum
609 1453 632 1516 J
634 1475 720 1516 esum
737 1454 930 1529 confitentes,
950 1452 1039 1516 divisi
1055 1473 1126 1516 rero
1146 1452 1320 1526 sententia;
1343 1451 1472 1535 (etenim

321 1555 388 1619 haec
409 1565 458 1619 est
480 1555 615 1639 ipsorum
638 1555 754 1641 regula,
776 1553 1034 1640 quemadmodum
1050 1554 1259 1638 praediximus,
1283 1562 1319 1617 ut
1343 1553 1473 1617 alterurn

322 1658 445 1742 quidem
457 1657 613 1722 Christum
628 1657 724 1721 fuisse
738 1657 853 1734 dicant,
869 1656 922 1742 qui
943 1657 983 1720 ab
994 1655 1167 1743 Unigenito
1182 1657 1222 1720 ad
1237 1655 1473 1721 ⁵correctionem

321 1761 520 1848 plenitudinis
532 1761 729 1846 praemissum
745 1760 877 1825 alterum
887 1781 957 1824 vero
969 1760 1161 1825 Salvatorem
1173 1783 1241 1825 esse
1252 1760 1306 1824 ⁶ad
1321 1759 1472 1846 glorifica-

321 1867 438 1930 tionem
465 1865 570 1928 Patris
596 1865 745 1939 missum;
768 1863 899 1928 alterum
926 1885 998 1929 vero
1022 1885 1061 1929 ex
1088 1864 1301 1950 dispositione,
1327 1885 1418 1949 quem
1440 1872 1473 1928 et

320 1989 446 2053 passum
462 1968 578 2045 dicunt,
592 1967 822 2031 ⁷recurrente1n
838 1965 869 2029 in
884 1966 1028 2031 Pleroma
1041 1967 1230 2032 Salvatorem
1247 1966 1298 2054 qui
1315 1965 1473 2031 Christum

318 2073 496 2158 portabat);
521 2093 648 2136 necesse
668 2071 827 2147 habemus,
853 2071 1027 2135 universam
1043 2071 1266 2157 Apostolorum
1281 2072 1320 2135 de
1336 2071 1472 2135 Domino

318 2186 426 2240 nostro
447 2175 527 2240 Jesu
548 2175 672 2240 Christo
700 2175 887 2240 sententiam
910 2175 1066 2252 adhibere,
1090 2182 1123 2238 et
1146 2173 1308 2252 ostendere
1332 2195 1385 2238 eos
1409 2195 1471 2236 non

318 2281 417 2344 solum
433 2279 508 2344 nihil
524 2280 585 2344 tale
600 2279 736 2344 sensisse
758 2279 796 2342 de
816 2299 863 2356 eo,
880 2299 986 2342 verum
1006 2277 1137 2363 amplius
1159 2283 1192 2340 et
1211 2275 1402 2363 significasse
1416 2297 1472 2361 per

320 2383 471 2470 Spiritum
492 2393 644 2462 sanctum,
667 2382 736 2470 ⁸qui
760 2381 930 2468 inciperent
949 2381 1025 2446 talia
1047 2381 1167 2456 docere,
1188 2379 1355 2444 ⁹submissi
1379 2378 1470 2442 aSa·

318 2497 401 2568 tana,
418 2489 463 2554 uti
480 2489 675 2573 quorundam
689 2487 782 2550 lidem
797 2493 979 2564 everterent,
995 2492 1028 2550 et
1043 2485 1259 2550 abstraherent
1273 2505 1327 2548 eos
1341 2505 1361 2547 a
1375 2483 1449 2547 vita.

773 2665 874 2731 CAP.
897 2665 1019 2730 XVII.

320 2787 482 2862 Ostensr'o
506 2786 681 2885 prrorziom
706 2811 801 2858 ultus
826 2797 858 2858 et
885 2783 984 2858 idem
1007 2785 1086 2882 ipse
1114 2783 1279 2860 Christos
1316 2785 1471 2858 Verbum

814 2899 860 2972 sit
885 2899 970 2973 Dei.

385 3038 414 3097 l.
462 3033 512 3096 Er
534 3031 680 3116 quoniam
704 3029 870 3094 Johannes
891 3051 987 3094 unum
1011 3037 1043 3094 et
1067 3031 1198 3094 eundem
1222 3031 1308 3095 novit
1328 3029 1469 3094 Verbum
1484 3060 1563 3102 uara

318 3137 390 3214 Dei,
418 3145 451 3201 et
476 3137 558 3198 hunc
585 3157 654 3199 esse
678 3133 898 3218 Unigenitum,
923 3141 955 3196 et
978 3134 1060 3197 hunc
1094 3133 1289 3198 incarnatum
1321 3155 1389 3200 esse
1414 3157 1469 3220 pro

316 3239 416 3304 salute
437 3246 554 3316 nostra,
571 3237 684 3301 desum
699 3236 857 3301 Christum
874 3237 1044 3300 Dominum
1060 3244 1211 3316 nostrum,
1226 3238 1415 3303 sufficienter
1429 3261 1469 3302 ex

317 3343 414 3428 ipsius
437 3342 594 3408 Johannis
624 3363 765 3406 sermone
802 3341 1091 3406 demonstravimus.
1137 3341 1200 3407 Sed
1232 3351 1264 3407 et
1296 3343 1469 3407 Matthaeus

316 3467 411 3510 unum
440 3454 473 3511 et
502 3445 635 3510 eundern
658 3443 681 3508 J
683 3467 770 3509 esum
793 3443 953 3509 Christum
979 3467 1181 3532 cognoscens,
1211 3469 1291 3526 eam,
1322 3469 1391 3533 quae
1420 3455 1469 3512 est

365 3584 374 3616 ¹
394 3584 525 3634 Christum.
554 3583 618 3646 May
634 3582 831 3646 Totumffltvra,
846 3595 864 3632 Ι.
919 3587 1068 3648 αρτισθῆναι,
1089 3585 1148 3634 Vol.
1162 3598 1182 3636 1.
1194 3599 1233 3634 21.

316 3665 357 3730 24)
374 3667 438 3716 have
454 3667 515 3715 been
533 3665 592 3714 read
608 3664 666 3713 here
678 3681 705 3712 aa
717 3664 802 3726 Xpml
820 3665 866 3713 See
967 3665 1035 3726 lod,
1056 3667 1166 3728 Carum,
1181 3667 1262 3717 Voss.
1279 3667 1329 3717 aad
1346 3667 1466 3718 Faunus.

315 3761 333 3798 1.
347 3767 371 3814 p.
384 3761 438 3814 279,
452 3767 477 3799 n.
490 3763 511 3798 τ.
917 3763 995 3812 marg.
1014 3749 1050 3798 in.

392 3831 436 3880 See
453 3844 471 3879 1.
489 3843 541 3892 151,
554 3846 579 3880 n.
591 3843 612 3878 r.
643 3827 693 3877 Kal
709 3829 806 3876 καθεῖλε
824 3827 867 3887 μὲν
965 3830 976 3862 ⁷
993 3831 1088 3879 Garun
1110 3831 1262 3896 conjectures
1279 3839 1465 3883 mamam...

314 3912 356 3960 τὸν
384 3913 485 3960 θάνατον
511 3913 524 3960 ὁ
548 3913 575 3960 ἐκ
596 3913 640 3970 τῆς
664 3909 793 3968 οἰκονομίας
820 3927 865 3958 σω·
916 3911 1046 3962 Salvatore.
1075 3912 1253 3973 See1.6r,6a.
1284 3915 1336 3963 But
1347 3915 1389 3963 the
1400 3914 1468 3962 read-

315 3993 367 4055 τὴρ,
393 3995 507 4056 ἐγνώρισε
529 3995 555 4042 δὲ
576 3993 618 4041 τὸν
637 3993 732 4054 πατέρα
750 3991 862 4053 Χριστόν.
916 3995 960 4056 ing
974 3994 1001 4042 in
1014 3995 1057 4043 the
1071 3999 1126 4044 text
1139 3996 1160 4044 is
1173 3995 1230 4044 that
1244 3995 1322 4044 found
1338 3996 1363 4044 in
1380 3995 1413 4044 all
1426 3995 1469 4043 the

315 4074 417 4122 Graes.
916 4073 1003 4134 MSS,
1022 4075 1072 4124 and
1087 4076 1108 4122 is
1121 4075 1244 4124 therefore
1253 4076 1380 4136 retained3
1397 4077 1469 4138 φορή-

363 4153 374 4184 ⁸
391 4155 487 4215 paridem
505 4155 525 4202 ia
542 4159 588 4204 not
609 4153 715 4214 wanted,
735 4153 785 4202 and
807 4169 866 4217 may
916 4173 994 4204 σαντα
1011 4157 1053 4204 τὸν
1071 4157 1176 4219 Χριστὸν
1193 4158 1236 4205 τὸν
1254 4158 1419 4220 ἀναδραμόντα
1437 4159 1470 4208 εἶτ

315 4233 379 4282 have
396 4249 483 4296 grown
502 4241 547 4283 out
564 4236 593 4284 oi
608 4237 651 4284 the
670 4239 720 4284 two
739 4234 866 4298 following
915 4237 945 4285 τὸ
962 4239 1082 4299 πλήρωμα
1100 4239 1211 4300 Σωτῆρα,
1231 4253 1290 4303 may
1303 4239 1334 4288 be
1352 4239 1394 4287 tlre
1411 4253 1468 4287 oon·

315 4313 411 4374 words;
428 4314 510 4362 unless
521 4317 541 4363 it
551 4321 689 4378 represents
701 4317 737 4376 δή.
915 4319 1046 4368 structiou.

363 4393 571 4455 ‘receptaculum
601 4397 706 4459 perhaps
734 4398 862 4458 ἐκδοχεῖον.
964 4397 1046 4448 'rods
1067 4400 1201 4458 μέλλοντας
1220 4403 1322 4450 τοιαῦτα
1342 4401 1467 4462 διδάσκειν,

317 4475 363 4523 See
375 4473 431 4522 Vol.
445 4487 462 4522 1.
479 4485 533 4536 127.
917 4481 1096 4542 ὑποβληθέντα
1115 4481 1161 4528 ὑπὸ
1178 4483 1222 4529 τοῦ
1239 4483 1347 4532 Σατανᾶ.

364 4553 562 4616 ῦοοντόοἱίοκονι,
576 4556 743 4618 «aromaph,
758 4557 796 4606 Ol.
810 4575 865 4606 κατ·
964 4561 976 4593 ⁹
994 4561 1050 4622 s.l.
1070 4559 1185 4611 emori.
