3292 5068
319 435 363 501 36
801 433 829 485 s.
857 427 970 482 nuum

162 629 301 673 marran.
321 611 388 671 orat
410 600 524 686 dequo
547 591 692 668 fidebam,
712 589 804 654 ¹Poat
824 607 871 650 me
892 583 974 648 ooait
994 579 1045 645 ot'r
1064 577 1120 664 qai
1141 583 1211 642 outa
1231 595 1278 639 mo
1292 574 1399 659 factata
1421 574 1474 644 ott,

159 677 310 811 fpgillilfg
322 705 466 794 quoniam
478 699 573 787 prior
590 717 635 760 avc
652 702 739 757 orat:
769 707 923 773 omoeoque
942 683 980 748 de
996 679 1191 772 pentadius
1210 679 1275 762 aaa
1294 673 1476 758 occepimus.

225 817 244 852 ²
326 807 407 873 Haeo
421 805 526 889 itaque
546 798 654 866 salutis
668 793 806 882 agnitio;
829 790 885 854 sed
905 809 968 852 non
987 787 1065 850 alter
1084 785 1181 860 Deus,
1202 803 1259 846 neo
1274 779 1352 844 alter
1369 777 1475 852 Pater,

167 886 311 901 ,.-.--

160 926 209 967 ³01¹·
218 924 232 963 ¹·
242 923 271 962 ¹&
325 933 424 998 neque
447 907 580 994 Bythus,
600 922 699 988 neque
715 897 860 962 Pleroma
876 892 1007 978 triginta
1026 889 1180 962 AEonum,
1202 907 1260 949 nec
1281 883 1388 946 Mater
1406 880 1478 965 'og-

325 1013 460 1080 doados:
484 1009 540 1074 sed
553 1003 672 1092 agnitio
686 999 796 1067 salutis
810 1004 878 1062 erat
892 993 1010 1081 agnitio
1027 990 1101 1055 Filii
1117 989 1187 1066 Dei,
1209 987 1262 1074 qui
1280 995 1313 1050 et
1330 983 1424 1058 salus,
1445 987 1479 1045 et

328 1117 479 1190 Salvator,
501 1120 534 1177 et
555 1109 690 1174 salutare
709 1125 780 1170 vere
798 1109 830 1165 et
850 1100 962 1165 dicitur
981 1104 1014 1162 et
1033 1103 1091 1160 est.
1136 1093 1227 1158 Salus
1249 1089 1383 1178 quidem,
1412 1086 1477 1150 sic:

164 1249 274 1293 omna
287 1249 314 1288 ra.
328 1222 372 1286 Iu
392 1218 519 1283 salutem
544 1224 630 1278 tuam
655 1207 787 1274 sustinui
812 1213 839 1269 te
865 1203 1004 1266 Domine.
1053 1197 1194 1262 Salvator
1216 1203 1322 1258 autem
1344 1191 1479 1254 iterum:

165 1346 290 1389 muana
329 1323 408 1387 Ecca
417 1321 500 1382 Deua
510 1336 601 1391 meus,
612 1312 757 1376 Salvator
771 1303 971 1387 meuafidooa
990 1323 1040 1366 oro
1055 1302 1089 1364 io
1104 1319 1180 1364 eum.
1217 1295 1359 1361 Salutare
1375 1299 1482 1356 autem

169 1455 297 1500 varona
330 1425 394 1490 sic:
419 1421 536 1486 Notum
550 1417 632 1502 J'act't
649 1415 735 1478 Deus
750 1410 886 1475 soluturo
902 1428 989 1472 suurn
1006 1404 1041 1468 t'a
1061 1409 1214 1487 conspectu
1231 1399 1375 1484 gentiam.
1420 1391 1482 1457 Est

331 1526 415 1592 enim
436 1523 579 1589 Salvator
598 1519 733 1606 quidem,
753 1513 900 1601 quoniam
916 1509 1018 1574 Filius
1032 1515 1065 1572 et
1082 1505 1224 1570 Verbum
1240 1503 1322 1577 Dei;
1347 1501 1484 1566 salutar-c

169 1661 318 1706 suasuro.
331 1638 448 1707 autem,
465 1627 610 1716 quoniam
632 1622 785 1709 Spiritus:
810 1617 974 1702 mytram,
999 1611 1082 1678 enim
1106 1609 1217 1694 inquit,
1237 1607 1340 1694 faciei
1363 1613 1483 1681 maror,

167 1755 277 1797 vostra
335 1731 472 1796 aarum
500 1729 665 1799 Domuum·
698 1722 790 1788 Salus
818 1728 934 1796 autem,
959 1714 1104 1803 quoniam
1128 1735 1219 1778 caro:
1252 1708 1382 1774 Verbum
1406 1707 1486 1771 euim

333 1857 405 1900 caro
420 1836 544 1918 sonora
569 1839 618 1908 ost,
642 1839 670 1893 et
693 1825 842 1891 dubitauit
865 1825 898 1887 iu
921 1821 1009 1887 aubia
1055 1819 1149 1883 Hanc
1175 1815 1272 1902 igitur
1294 1812 1486 1900 agnitionem

334 1937 444 2002 salutis
461 1935 595 2000 iaciebat
617 1932 640 1996 J
643 1931 781 1996 ohannes
800 1926 1018 2015 poenitentiam
1035 1921 1211 2009 agentibus,
1231 1927 1264 1983 et
1288 1913 1489 1982 credentibus

336 2039 499 2128 inagnum
515 2037 587 2116 Dei,
603 2033 655 2122 qui
670 2032 752 2098 tollit
767 2037 930 2117 peccatum
945 2025 1064 2089 mundi.

171 2165 248 2207 Lucu.
256 2165 285 2205 11.
402 2145 433 2208 3.
478 2138 646 2225 Apparuit,
668 2135 779 2221 inquit,
797 2141 831 2198 et
853 2129 1029 2217 pastoribus
1052 2125 1180 2213 angelus
1205 2123 1345 2200 Domini,
1368 2143 1487 2186 annun-

337 2245 421 2310 tians
452 2243 600 2332 gaudium
636 2241 691 2318 eis,
729 2237 871 2326 quonium
903 2241 1064 2320 generatas
1100 2239 1141 2292 avt
1176 2231 1211 2292 t'o
1241 2227 1343 2291 ⁴domo
1379 2226 1493 2290 Dauid

173 2365 287 2408 tuem
339 2350 492 2426 Salvator,
510 2349 564 2434 qui
589 2355 629 2411 aet
653 2345 788 2408 atauus
811 2339 970 2404 Dominus.
1014 2335 1136 2398 Deinde
1159 2332 1319 2396 multitudo
1343 2331 1492 2394 coercitus

174 2423 214 2462 m*
339 2453 460 2519 calestia
481 2451 674 2516 madentium
695 2447 797 2510 Deam
819 2451 847 2508 ct
868 2440 1049 2508 discutimur
1083 2436 1191 2500 Glorio
1213 2437 1247 2499 ia
1271 2433 1390 2498 cacabis
1411 2435 1490 2512 Deo,
1505 2443 1588 2483 (Μία

339 2566 367 2622 ot
381 2559 415 2620 ivr
429 2566 515 2620 terra
527 2576 596 2639 pas
609 2547 776 2616 homiuibus
789 2544 890 2608 vaona
904 2541 1075 2606 uoluntatis.
1123 2538 1194 2603 Hos
1211 2537 1339 2625 angelos
1355 2535 1491 2601 ⁶lalsarii

341 2659 484 2725 Gnostici
507 2656 615 2721 dieunt
635 2653 675 2716 ab
697 2647 837 2737 ogdoade
857 2645 989 2722 venisse,
1012 2652 1045 2708 et
1066 2641 1299 2707 descensionem
1323 2639 1493 2726 superioris

341 2762 458 2828 Ohristi
481 2758 708 2823 manifestasse.
768 2751 831 2814 Sed
854 2753 1001 2813 cormunt
1027 2745 1140 2812 iterum
1169 2745 1311 2810 dicentes
1338 2765 1410 2808 eum
1439 2741 1492 2830 qui

341 2885 462 2928 sursum
477 2862 529 2938 sit,
546 2858 704 2924 Christum
719 2861 752 2918 et
767 2851 969 2928 Salvatorem,
986 2871 1052 2912 non
1066 2857 1174 2912 natum
1197 2869 1275 2927 esse,
1292 2847 1348 2912 sed
1368 2855 1401 2911 et
1422 2853 1495 2932 post

340 2965 496 3051 baptisma
507 2961 575 3046 ejus
587 2958 640 3044 qui
652 2957 694 3021 sit
709 2955 765 3020 ⁷de
780 2951 983 3037 dispositione
997 2951 1021 3016 J
1023 2965 1088 3032 esu,
1099 2953 1215 3038 ⁸ipsum
1226 2951 1306 3017 sicut
1319 2950 1496 3016 columbam

391 3167 540 3230 ¹Oompare
555 3162 605 3212 rue
620 3159 685 3210 Hic.
702 3158 755 3209 aad
773 3156 850 3207 l'ltool.
867 3155 897 3219 of
945 3157 1045 3218 εὐδοκία,
1058 3155 1285 3221 qai...tomimtua
1303 3173 1374 3206 auam
1390 3153 1498 3218 bertigari-

343 3251 381 3300 tlte
399 3249 473 3300 Three
492 3245 584 3304 meda,
603 3259 628 3308 p.
648 3244 703 3304 238.
738 3241 791 3290 The
808 3239 895 3302 Syriae
945 3245 1015 3287 totam
1028 3239 1114 3288 volutis
1129 3239 1226 3288 dacoelo
1240 3238 1313 3288 aaa.
1342 3239 1396 3288 The
1411 3237 1498 3302 Syriae

343 3346 471 3397 expresses
498 3327 603 3394 priority
630 3325 655 3373 in
683 3325 755 3389 point
782 3322 812 3370 ol
834 3321 895 3370 time
945 3303 1318 3401 „ymflfflyhulgyghmo
1327 3337 1498 3398 ffiggwgg·

344 3425 402 3474 00¹1
422 3411 582 3497 ...ι-30102,
606 3423 653 3472 but
674 3439 720 3472 our
747 3419 896 3470 translation
945 3418 1082 3467 TheLatin
1092 3418 1247 3478 translation,
1256 3419 1500 3483 eitherhomdesign

345 3511 452 3559 without
463 3521 550 3557 reason
561 3506 645 3553 makes
660 3506 681 3553 it
695 3505 738 3553 the
750 3501 897 3566 precedenoe
948 3517 976 3550 or
996 3501 1169 3551 inadvortencc
1191 3501 1219 3550 of
1232 3503 1401 3563 transcribere,
1417 3499 1502 3550 would

346 3591 375 3641 ol
382 3591 485 3650 honour,
498 3601 548 3636 wat
554 3583 681 3648 preferred
692 3583 770 3646 before
780 3598 824 3632 too.
850 3581 894 3630 Gr.
947 3583 1024 3648 easily
1034 3584 1189 3647 incorporate
1198 3583 1241 3631 the
1252 3583 1364 3646 Vulgata
1375 3581 1500 3646 readings.

347 3671 440 3736 πρῶτός
453 3685 507 3730 μου.
997 3666 1008 3698 ⁸
1018 3665 1132 3728 folcarii,
1145 3665 1197 3715 Aa.
1204 3665 1279 3728 selei,
1290 3666 1371 3714 which
1382 3666 1502 3729 ispreler·

395 3747 592 3815 ’igfouoriasa
949 3749 1019 3810 able;
1036 3749 1075 3797 for
1087 3749 1366 3812 yeoooyvdorvxovreads
1376 3763 1446 3796 more
1453 3748 1504 3796 like

396 3836 407 3868 ⁸
423 3835 475 3884 The
486 3831 632 3883 translation
644 3829 761 3908 asternlhe
773 3825 861 3876 LXX·
874 3825 903 3872 of
950 3833 993 3880 the
1005 3831 1109 3895 original
1118 3832 1179 3879 than
1189 3833 1372 3890 καπηλεύοντες,
1382 3830 1412 3878 ol
1421 3829 1504 3879 which

348 3902 649 3988 rhefleurewtextntng
662 3909 829 3986 proptrea
843 3907 899 3965 prr.
951 3911 1070 3970 ewam
1081 3907 1258 3958 woutdbethe
1269 3907 1357 3972 object.

398 4015 502 4064 ‘dorna
537 4011 649 4072 Quoting
671 4005 817 4070 apparently
836 4003 900 4050 from
1000 3989 1505 4055 ⁷dedt'apoaitioae,appearstohaveths

350 4113 469 4160 memory,
492 4093 535 4143 the
560 4092 651 4141 author
678 4089 825 4136 substitutae
851 4083 901 4132 this
950 4077 1086 4139 testimony
1097 4075 1125 4122 ol
1133 4073 1211 4123 MSS.
1224 4073 1295 4122 inita
1306 4073 1505 4132 favour,aaaleo

351 4175 420 4224 word
436 4191 463 4224 as
481 4172 541 4222 usal
558 4171 640 4220 before
657 4169 691 4232 by
709 4165 845 4216 zachar-iah
863 4164 902 4212 lor
952 4175 968 4208 a
978 4157 1097 4206 fewlinea
1108 4156 1190 4216 lower,
1204 4155 1301 4218 though
1315 4154 1410 4202 Garun
1423 4155 1506 4218 prims

352 4256 451 4307 avam,
953 4255 980 4288 aa
994 4239 1020 4288 in
1037 4238 1186 4301 conformity
1202 4237 1263 4285 with
1279 4235 1323 4285 the
1340 4235 1424 4284 Greek
1440 4241 1502 4296 text,

402 4335 494 4384 loona
521 4327 656 4388 adamata,
685 4329 729 4377 tha
755 4325 903 4377 translation
953 4321 1013 4370 Vol.
1025 4331 1044 4370 1.
1064 4316 1104 4378 6²,
1126 4331 1179 4379 151,
1203 4317 1254 4366 and
1269 4317 1355 4376 below,
1378 4331 1418 4376 4²·
1454 4317 1508 4365 For

354 4417 382 4466 ol
390 4416 432 4465 the
443 4413 553 4474 Vulgata
560 4411 624 4458 from
630 4411 673 4457 the
679 4408 782 4472 reading
789 4409 900 4470 εὐδοκίας,
953 4403 996 4452 the
1008 4399 1124 4462 meaning
1139 4399 1167 4446 of
1181 4397 1210 4445 dt
1220 4397 1374 4460 dispositione
1384 4395 1451 4456 Joru,
1466 4413 1508 4446 aee

354 4497 435 4546 which
462 4493 570 4556 scarcely
598 4505 676 4538 seems
702 4493 730 4535 to
756 4490 820 4537 bava
841 4491 904 4537 been
953 4479 1506 4540 theMarcoaiannotions,Vol.1.150,151.

355 4575 462 4639 adopted
478 4573 512 4637 by
526 4573 659 4628 Ianusue,
676 4567 781 4616 boeaum
795 4569 826 4616 hc
840 4569 903 4616 indi·
1004 4562 1014 4594 Β
1030 4562 1121 4624 ipsum,
1135 4559 1178 4608 the
1195 4559 1275 4608 ouria
1286 4560 1314 4608 ol
1324 4559 1368 4608 the
1380 4559 1505 4622 Pleroma,

356 4663 423 4706 cates
446 4655 471 4704 in
488 4654 531 4702 the
548 4651 633 4716 aequal
651 4649 693 4698 the
715 4655 807 4710 recepto
828 4648 902 4710 haio,
954 4645 1029 4706 being
1040 4643 1142 4692 distinct
1155 4643 1219 4690 from
1234 4641 1307 4704 Soter,
1320 4658 1353 4690 an
1366 4641 1509 4706 ambiguity
