3334 5070
155 593 206 632 tm
217 593 260 632 lll.

167 641 202 678 tvl
229 641 242 678 ⁶

134 651 286 727 nutrimus

153 733 276 773 ussum.

315 404 358 468 88
762 419 803 472 m
830 421 990 473 numero

313 572 607 658 comprehensibilis,
637 581 671 638 et
699 573 898 660 impassibilis
929 575 1095 662 passibilis,
1125 582 1158 642 et
1189 575 1330 640 Verbum
1362 574 1467 654 homo,

313 679 457 743 universa
480 678 512 742 in
536 679 739 765 semetipsum
762 680 988 765 recapitulans:
1012 681 1058 744 uti
1080 681 1163 746 sicut
1186 681 1218 744 in
1239 680 1467 766 supercoelesti-

311 884 358 948 sic
372 891 406 948 et
421 883 453 946 in
468 883 649 964 visibilibus,
666 893 699 950 et
716 885 926 970 corporalibus
945 885 1150 971 principatum
1166 885 1290 964 habeat,
1307 886 1340 950 in
1353 895 1466 950 semet·

313 987 415 1070 ipsum
437 986 604 1072 primatum
626 1009 798 1075 assumens,
814 997 846 1054 et
860 1009 1019 1076 apponens
1032 990 1234 1075 semetipsum
1248 997 1342 1075 caput
1358 989 1466 1054 Eccle-

311 1089 377 1166 siae,
392 1089 536 1154 universa
550 1090 689 1156 attrahat
703 1091 743 1156 ad
757 1093 960 1177 semetipsum
974 1099 1049 1177 apto
1065 1091 1096 1156 in
1111 1099 1260 1178 tempore.

377 1195 407 1262 7.
461 1192 549 1258 Nihil
573 1195 657 1259 enim
688 1195 859 1261 incomtum
880 1205 975 1282 atque
997 1195 1248 1281 intempestivum
1273 1194 1357 1280 apud
1381 1216 1464 1270 eum,

311 1296 465 1380 quomodo
487 1319 546 1362 nec
567 1297 774 1385 incongruens
797 1307 845 1364 est
866 1300 949 1384 apud
979 1299 1118 1363 Patrem.
1164 1297 1364 1384 Prsecognita
1390 1306 1465 1362 sunt

311 1397 394 1462 enim
421 1399 504 1463 ¹haec
533 1399 638 1464 omnia
663 1421 683 1463 a
713 1401 819 1478 Patre,
847 1400 1049 1484 perficiuntur
1077 1407 1183 1462 autem
1209 1419 1229 1462 a
1259 1398 1352 1478 Filio,
1382 1399 1465 1464 sicut

310 1522 481 1586 congruum
496 1510 529 1566 et
548 1523 741 1588 consequens
762 1511 820 1580 est,
837 1509 911 1588 apto
930 1511 1080 1588 tempore.
1125 1503 1258 1588 Propter
1276 1503 1335 1567 hoc
1355 1525 1465 1588 prope·

311 1613 401 1670 rente
423 1604 528 1668 lllaria
547 1605 588 1670 ed
607 1604 788 1670 admirabile
804 1605 866 1668 vini
887 1604 1023 1692 signum,
1042 1613 1075 1668 et
1096 1611 1171 1668 ante
1195 1613 1319 1690 tempus
1343 1605 1464 1670 volente

311 1707 496 1794 participare
518 1707 709 1794 ²compendii
724 1707 845 1794 poculo,
863 1707 1017 1772 Dominus
1032 1707 1183 1792 repellens
1197 1709 1265 1794 ejus
1279 1708 1464 1794 lintempes-

310 1809 407 1874 tivam
422 1810 663 1888 festinationem,
679 1810 779 1876 dixit:
806 1809 891 1889 Quid
908 1809 985 1874 otili
1004 1819 1033 1874 et
1047 1809 1104 1874 tili
1118 1821 1158 1875 eet
1172 1811 1308 1876 mulier?
1330 1811 1464 1876 nondum

309 1913 392 1978 venit
406 1912 480 1978 doru
496 1935 586 1988 mea‚·
610 1921 797 1999 exspectans
815 1934 885 1978 eam
906 1913 1014 1976 horam
1030 1935 1100 2000 quoe
1115 1921 1163 1978 est
1178 1935 1197 1978 a
1214 1914 1310 1979 Patre
1325 1935 1464 2000 praecog-

310 2014 389 2080 nita.
436 2017 571 2102 Propter
585 2015 644 2082 hoc
660 2039 731 2081 cum
745 2037 830 2103 saepe
844 2016 957 2082 vellent
972 2037 1044 2081 eum
1060 2016 1202 2081 homines
1223 2016 1463 2103 apprehendere,

310 2117 420 2197 Nemo,
434 2119 545 2206 iuquit,
562 2120 689 2186 inimisit
706 2141 817 2186 omnus
836 2121 866 2184 ei
876 2143 887 2182 .·
911 2119 1045 2186 nondum
1066 2121 1148 2184 enim
1169 2129 1293 2184 uenerat
1312 2120 1388 2184 loro
1409 2142 1463 2206 ep

308 2221 534 2306 prehensionis,
565 2245 623 2287 nec
649 2231 773 2309 tempus
802 2223 966 2308 passionis,
996 2222 1080 2309 quod
1108 2222 1334 2309 praecognitum
1362 2222 1463 2287 luerat

308 2347 329 2392 a
356 2325 462 2406 Patre,
490 2327 751 2416 quemadmodum
777 2335 810 2394 et
840 2328 971 2394 Abacuc
996 2327 1149 2414 propheta
1176 2327 1238 2392 ait:
1263 2329 1306 2391 In
1334 2349 1365 2392 eo
1396 2349 1464 2391 cum

309 2517 481 2582 Polycarpum,
501 2533 521 2569 c.
536 2533 557 2582 3,
578 2519 667 2581 scribit,
685 2519 728 2568 τὸν
751 2519 859 2582 ἀόρατον,
959 2517 1386 2583 ³intempestivamsenineeionem.
1412 2515 1462 2565 Im·

309 2601 350 2648 τὸν
368 2601 393 2649 δὲ
406 2600 509 2660 δι’ἡμᾶς
526 2601 619 2663 ὁρατόν·
638 2601 679 2649 τὸν
699 2601 862 2663 ἀψηλάφητον
908 2599 1077 2664 perfectionne
1106 2600 1187 2662 daque
1217 2599 1331 2648 cumane
1357 2606 1459 2658 meuse,

309 2681 403 2744 (epple
414 2698 441 2729 a
451 2682 593 2746 interpolato
604 2681 741 2743 compleri,
756 2681 787 2730 δι’
800 2681 862 2740 ἡμᾶς
909 2690 1059 2746 pcccatorum
1069 2681 1202 2730 venialium
1210 2689 1316 2741 matrerm
1325 2680 1353 2729 in
1364 2681 1392 2729 B.
1407 2679 1461 2728 Vir·-

310 2763 336 2810 δέ
359 2761 525 2824 ψηλαφητόν)
548 2763 591 2810 rdv
613 2763 703 2821 ἀπαθῆ,
726 2763 769 2810 τὸν
787 2763 813 2810 δὲ
830 2759 861 2808 δι’
908 2763 965 2824 pice
985 2763 1074 2811 Murio
1092 2761 1189 2824 apponit
1215 2762 1330 2819 Imm,
1351 2760 1463 2824 alioquin

309 2844 371 2904 ἡμᾶς
383 2844 499 2902 παθητόν.
530 2842 716 2905 Conscrinf.p.
731 2857 786 2904 34¹·
808 2842 859 2890 Gn.
910 2842 1233 2905 eumpromeritoloudam.
1258 2841 1376 2890 Similiter
1386 2842 1460 2904 Cliv-

358 2924 442 2971 ¹lsoec.
478 2923 538 2972 This
562 2925 631 2972 word
654 2926 675 2972 is
700 2923 804 2972 omitted
827 2923 861 2986 by
909 2931 1029 2985 rodomus,
1043 2923 1236 2986 dllwplryludru,
1250 2922 1401 2983 Euthymios,
1415 2923 1462 2971 diu

309 3007 419 3066 Gutum,
434 3008 551 3066 Auuun,
566 3005 645 3054 Voss
660 3005 710 3052 and
729 3005 816 3053 Meno.
829 3017 857 3063 1.,
907 3013 962 3067 post
973 3006 1100 3064 Irenaeum,
1112 3004 1460 3066 impatieuuaffectuaacnc-

308 3088 357 3138 and
376 3088 496 3137 therefore
514 3087 565 3136 also
581 3089 615 3152 by
633 3087 769 3137 Messon.
806 3105 861 3150 προ-
910 3093 940 3133 toe
956 3083 1460 3148 Virqintadoripmnmmipnltmrd.

309 3171 447 3231 εγνωσμένα
465 3171 515 3232 γὰρ
531 3171 563 3218 τὰ
580 3169 667 3228 πάντα,
687 3169 793 3232 perhaps
811 3169 861 3218 had
911 3168 945 3216 od
956 3167 1103 3217 dunelmum
1110 3174 1210 3215 onomat
1215 3185 1225 3223 ,·
1235 3165 1341 3216 aedduic
1350 3166 1462 3230 opinioni

308 3253 370 3302 been
392 3251 485 3300 altered
502 3251 612 3314 through
629 3249 788 3300 carelessness
806 3252 860 3300 into
910 3249 1038 3298 erraticum
1046 3249 1462 3312 recemisrimoeSynodilbiderdinoe

309 3334 368 3382 ratde
382 3351 420 3393 r„
437 3333 464 3382 in
478 3332 558 3382 which
575 3349 631 3382 cnse
644 3333 687 3381 the
700 3332 768 3381 werd
783 3333 860 3382 forms
903 3331 1004 3394 frustm
1016 3331 1123 3394 optponit.
1151 3331 1239 3380 Astill
1250 3348 1317 3381 more
1327 3337 1411 3382 recent
1422 3332 1461 3381 de·

308 3419 365 3482 part
376 3415 404 3462 ol
412 3415 455 3462 the
465 3415 621 3464 translation.
910 3431 964 3463 cren
980 3414 1032 3462 also
1050 3415 1079 3461 ol
1090 3414 1133 3462 the
1145 3413 1245 3462 Ohurch
1260 3415 1288 3463 oi
1300 3414 1380 3463 Romo
1398 3415 1419 3463 is
1435 3415 1462 3464 in

356 3493 522 3558 ’compendii
543 3493 667 3557 poculum.
708 3493 753 3544 See
771 3512 796 3560 p.
819 3509 858 3556 43,
910 3497 988 3546 direct
1004 3496 1236 3560 oppositiontothe
1251 3495 1407 3560 teachingoi
1420 3495 1462 3544 the

308 3595 333 3628 n.
347 3577 378 3629 6:
407 3577 860 3640 Compendioliter...ccoquo...fuc-
910 3584 981 3643 great
999 3579 1064 3642 light
1075 3579 1103 3627 ol
1117 3579 1160 3627 the
1172 3577 1287 3626 Western
1306 3578 1413 3638 Church,
1434 3577 1460 3627 S.

307 3669 359 3711 tum
376 3659 517 3712 cattinum.
547 3661 626 3709 There
644 3659 687 3709 the
704 3661 823 3726 meaning
839 3661 860 3710 is
910 3663 1058 3721 Auensmn,
1071 3661 1132 3710 with
1144 3661 1226 3709 whom
1242 3677 1309 3725 upon
1327 3661 1377 3710 this
1392 3661 1463 3725 point

307 3761 375 3794 more
387 3745 464 3804 olear;
480 3742 861 3803 thntthewine,excincc‚lirst
912 3741 1268 3805 summrnslsoisegreed.
1298 3741 1341 3790 He
1349 3757 1419 3806 says:
1432 3741 1464 3789 Et

307 3827 389 3876 taeted
399 3827 433 3892 by
444 3827 487 3875 the
498 3829 584 3890 gueets
595 3841 646 3874 was
657 3825 730 3889 good,
744 3825 791 3874 but
803 3825 861 3874 that
910 3822 968 3872 ltine
981 3830 1082 3885 apporia
1097 3821 1168 3870 illum
1184 3821 1406 3884 concupiscentium,
1417 3837 1463 3883 per

307 3911 349 3958 the
361 3909 431 3969 wine,
446 3908 644 3971 compendiulr'ter
654 3923 681 3956 en
692 3905 861 3971 cqccfuctcm
911 3921 983 3969 prtum
1002 3905 1114 3954 Oltrietua
1129 3903 1226 3965 cornipes
1234 3902 1321 3966 potnit,
1334 3902 1421 3965 secuse
1433 3902 1462 3950 in

308 3993 362 4051 (is.
383 3993 418 4055 by
434 3991 477 4040 the
501 3991 643 4040 immediate
661 3995 702 4039 act
719 3989 748 4038 oi
769 3989 861 4038 Divine
908 4001 992 4050 penore
1008 3985 1115 4034 humano
1128 3985 1291 4049 propnpinem
1308 3983 1384 4039 mali,-
1403 3983 1462 4046 quin

307 4074 402 4132 Pouer,
412 4089 440 4120 as
449 4071 580 4136 compared
591 4072 652 4120 with
658 4071 700 4120 the
711 4071 799 4120 slower
805 4085 861 4134 pro·
910 4066 1003 4116 Murice
1020 4081 1107 4129 corpus
1121 4065 1231 4130 qrtomuis
1245 4065 1305 4114 inde
1318 4065 1413 4125 enter-it
1428 4071 1463 4112 tu·

306 4169 358 4203 cess
378 4153 407 4200 of
419 4153 525 4216 nature),
548 4169 599 4202 was
618 4153 716 4212 better;
740 4153 860 4212 συντόμως
910 4164 1027 4198 mmecm
1037 4163 1086 4197 non
1097 4147 1189 4211 trajecit
1200 4148 1226 4196 in
1238 4145 1462 4210 corpus‚pnodnon

305 4233 496 4283 seemstohnve
511 4233 573 4282 been
588 4233 631 4282 the
642 4233 724 4292 word;
740 4238 806 4281 asat
817 4243 857 4296 95,
909 4230 1089 4292 indeconcepit.
1103 4230 1191 4281 cJut.
1205 4228 1375 4291 Pelopem.
1401 4227 1461 4275 And

305 4331 330 4364 n.
340 4335 364 4375 4.
400 4314 477 4374 Here,
492 4315 724 4376 ἀνακεφαλαιώσεως
737 4316 758 4364 is
769 4315 859 4378 prefer·
909 4313 996 4376 agaim
1014 4311 1101 4360 Mor-ic
1112 4311 1208 4374 qurum
1218 4317 1294 4359 muter
1304 4311 1360 4373 q'us,
1373 4310 1403 4359 de
1412 4325 1462 4372 pua

305 4396 368 4446 able.
405 4395 459 4444 The
475 4411 531 4458 cup,
555 4397 612 4444 that
634 4396 801 4458 reccpdudrtes
816 4397 859 4445 the
909 4409 1005 4444 comem
1022 4393 1113 4452 sonuit,
1134 4391 1164 4441 cle
1183 4393 1279 4442 carnali
1296 4393 1461 4454 mnmprbccn·

306 4475 424 4539 suffering
441 4475 469 4523 ol
486 4475 577 4536 Christ,
599 4491 649 4524 was
664 4477 806 4541 manifestly
822 4477 859 4525 in·
909 4475 946 4523 tio
959 4481 1090 4536 perustum
1107 4481 1168 4522 nuto
1185 4481 1225 4522 est.
1257 4475 1300 4536 Op.
1321 4473 1423 4536 imperf.
1439 4489 1459 4523 c.

305 4556 467 4618 temporivum
484 4555 566 4604 before
585 4556 628 4604 the
646 4555 749 4604 Pession
767 4557 796 4604 ol
812 4573 860 4606 our
908 4557 962 4605 Μ.
975 4567 1011 4603 vt.
1027 4569 1065 4603 at.
1099 4555 1302 4605 Thechurclrol'
1314 4554 1462 4604 Romenow

307 4636 384 4692 Lord.
908 4637 1047 4686 denouncee
1058 4635 1119 4684 such
1130 4635 1249 4686 doctrine.
