3276 5086
316 337 382 404 298
760 345 824 400 su1
846 343 1036 398 Passurus

175 530 230 571 tm.
238 527 279 569 1v.

181 576 276 662 stat.
764 601 866 668 car.
890 597 1023 665 nxrv.

168 667 294 752 uldliv.

151 760 296 846 „2¹¹⁸ss
321 755 409 848 Qooe
434 765 484 828 eat
509 749 648 850 agnitio
675 749 761 825 boni
785 762 817 823 et
844 745 945 839 moli,
972 759 1004 821 et
1032 739 1349 845 quemadmodum,
1368 739 1476 816 bomo
1491 751 1514 782 '

393 896 476 946 curn
492 865 807 944 indictooodieaa
815 864 959 964 suisset,
977 860 1133 938 involuit
1155 861 1267 948 Deras,
1280 885 1354 960 per
1374 855 1476 932 dicto

394 985 625 1062 audientiam
641 981 926 1080 melioremfieri
941 979 1133 1056 bominem.

321 1154 352 1218 1.
389 1150 618 1216 Aoururounu
635 1155 741 1214 autem
758 1146 879 1232 accepit
899 1146 993 1211 homo
1012 1142 1133 1210 boniet
1152 1142 1237 1208 mali.
1281 1140 1405 1205 Bonum
1425 1147 1478 1205 est

319 1261 426 1319 autem
439 1252 565 1318 obedire
576 1252 656 1330 Deo,
672 1259 705 1316 et
719 1250 843 1316 credere
858 1249 897 1327 ei,
913 1256 946 1313 et
962 1247 1117 1312 custodire
1132 1246 1200 1331 ejus
1213 1251 1424 1330 praeceptum,
1441 1250 1477 1308 et

321 1357 381 1422 hoc
401 1363 451 1421 est
466 1355 531 1420 vita
549 1353 704 1419 hominis:
731 1351 991 1438 quemadmodum
1010 1371 1073 1414 non
1094 1348 1218 1414 obedire
1236 1347 1317 1426 Deo,
1334 1345 1474 1422 malum;

322 1467 355 1522 et
380 1456 440 1521 hoc
463 1462 512 1520 est
531 1477 615 1520 mors
638 1454 716 1538 ejus.
767 1451 1062 1538 Magnanimitatem
1086 1450 1182 1537 igitur
1202 1455 1372 1534 praestante
1392 1447 1474 1525 Deo,

322 1559 467 1646 cognovit
481 1559 575 1623 homo
596 1565 629 1623 et
650 1558 767 1622 bonurn
787 1555 972 1622 obedientiae
991 1562 1024 1619 et
1045 1553 1162 1618 malum
1181 1551 1408 1630 inobedientiae,
1427 1551 1476 1616 uti

322 1665 429 1729 oculus
453 1663 569 1727 mentis
594 1669 795 1746 utrorumque
823 1659 978 1746 accipiens
1007 1658 1262 1744 experimentum,
1291 1656 1477 1721 electionem

320 1766 481 1831 meliorum
499 1787 570 1830 cum
579 1764 697 1849 judicio
712 1763 826 1838 laciat;
850 1769 883 1827 et
897 1783 1055 1848 nunquam
1069 1761 1184 1848 segnis,
1200 1783 1300 1848 neque
1314 1759 1477 1847 negligens

321 1869 469 1957 praecepti
483 1869 540 1932 fiat
555 1867 627 1944 Dei,
642 1875 675 1932 et
689 1867 721 1930 id
741 1866 823 1952 quod
838 1865 939 1929 aufert
958 1866 998 1930 ab
1015 1887 1053 1929 eo
1067 1865 1173 1943 vitam,
1189 1865 1284 1930 idest
1302 1869 1382 1928 ιιιοιι
1401 1865 1477 1929 obe-

322 1971 388 2038 dire
405 1972 484 2048 Deo,
504 1971 717 2056 experimento
731 1968 855 2034 discens
872 1969 1020 2053 quoniam
1038 1968 1155 2032 malum
1175 1976 1233 2047 est,
1254 1989 1354 2054 neque
1373 1973 1478 2031 tentet

323 2075 447 2161 quidem
461 2075 537 2139 illud
556 2095 713 2160 unquam;
738 2073 821 2158 quod
835 2080 940 2137 autem
960 2071 1222 2137 conservatorium
1236 2071 1308 2136 vitae
1327 2073 1395 2157 ejus
1414 2078 1475 2150 est,
1496 2099 1579 2139 omar.

322 2180 446 2245 obedire
472 2179 550 2258 Deo,
574 2179 676 2244 aciem
698 2178 843 2264 quoniam
866 2177 982 2241 bonum
1004 2183 1062 2254 est,
1086 2179 1175 2240 ²cum
1197 2175 1281 2240 omni
1303 2173 1477 2239 intentione

323 2283 487 2371 diligenter
504 2283 671 2348 custodiat.
710 2283 844 2368 Propter
866 2281 926 2346 hoc
949 2280 1044 2345 etiam
1065 2279 1204 2365 duplices
1225 2279 1334 2343 habuit
1355 2299 1476 2356 sensus,

323 2393 523 2470 utrorumque
548 2385 740 2472 agnitionem
764 2383 924 2461 habentes,
952 2391 988 2448 ut
1011 2383 1193 2447 electionem
1218 2382 1379 2447 meliorum
1404 2403 1478 2446 cum

324 2487 485 2574 disciplina
502 2487 607 2553 faciat.
639 2487 844 2573 Disciplinam
864 2493 970 2551 autem
992 2485 1064 2551 boni
1083 2485 1342 2571 quemadmodum
1362 2483 1477 2550 habere

324 2591 487 2676 potuisset,
507 2590 654 2676 ignorans
674 2589 757 2676 quod
777 2595 844 2654 ³est
861 2589 1072 2654 contrarium?
1117 2587 1253 2654 Firmior
1272 2597 1322 2655 est
1342 2587 1478 2654 enimet

324 2693 501 2759 indubitata
523 2693 750 2780 subjacentium
773 2693 987 2778 apprehensio,
1013 2715 1106 2780 quam
1130 2715 1168 2758 ea
1191 2702 1326 2779 quaeest
1351 2717 1392 2760 ex
1409 2715 1478 2758 sus·

324 2796 445 2882 picione
477 2797 663 2881 conjectura.
714 2795 981 2876 Quemadmodum
1013 2795 1097 2860 enim
1128 2794 1235 2881 lingua
1264 2817 1321 2881 per
1350 2804 1478 2884 gustum

325 2899 438 2984 accipit
452 2897 698 2984 experimentum
714 2896 812 2961 dulcia
826 2905 858 2960 et
872 2896 981 2975 amari,
1002 2903 1034 2962 et
1049 2896 1156 2962 oculus
1177 2919 1233 2982 per
1246 2899 1396 2963 visionem
1415 2897 1477 2962 dis-

326 3001 424 3066 cernit
439 3001 521 3086 quod
535 3007 583 3065 eat
602 3000 725 3086 nigrum
746 3000 786 3064 ab
805 2999 886 3074 albo,
908 3008 940 3064 et
957 3000 1041 3066 auris
1059 3023 1114 3087 per
1128 3001 1269 3066 auditum
1289 3001 1478 3066 differentias

326 3124 472 3168 sonorum
485 3101 565 3177 scit3
588 3100 634 3166 sic
648 3108 680 3164 et
695 3123 783 3166 mens
797 3123 852 3188 per
865 3111 1065 3188 utrorumque
1082 3089 1328 3189 experimentum
1342 3103 1479 3189 discipli-

326 3227 399 3270 nam
414 3205 487 3268 boni
501 3204 666 3290 accipiens,
687 3205 805 3270 firmior
823 3206 864 3270 ad
886 3207 1150 3272 conservationem
1167 3208 1235 3293 ejus
1249 3208 1389 3285 efficitur,
1405 3209 1479 3272 obe·

327 3310 416 3374 diens
431 3309 520 3374 Deo:
544 3307 785 3375 inobedientiam
798 3311 922 3396 quidem
943 3311 1076 3396 primum
1095 3332 1243 3397 respuens
1257 3332 1313 3396 per
1326 3311 1480 3396 poeniten·
1497 3329 1530 3371 Μ.
1540 3331 1586 3372 aaa.

326 3412 415 3486 tiam,
437 3412 582 3497 quoniam
596 3435 737 3478 summm
755 3422 788 3478 et
803 3413 918 3477 malum
933 3421 1001 3488 eat3
1027 3413 1137 3478 deinde
1152 3435 1192 3478 ex
1207 3413 1480 3499 comprehensione

327 3514 460 3592 discens,
477 3515 566 3599 quale
582 3515 624 3580 sit
638 3515 720 3600 quod
736 3515 924 3580 contrarium
939 3523 988 3579 est
1002 3517 1083 3580 bono
1098 3523 1131 3580 et
1145 3515 1309 3594 dulcedini,
1325 3537 1364 3580 ne
1378 3521 1480 3580 tentet

327 3617 452 3704 quidem
466 3639 602 3703 unquam
617 3617 857 3682 inobedientiam
869 3626 996 3704 gustare
1012 3617 1071 3683 Dei
1076 3668 1083 3685 .
1115 3617 1148 3682 Si
1160 3625 1266 3682 autem
1281 3625 1481 3704 utrorumque

327 3741 434 3784 eorum
456 3721 676 3809 cognitionem,
699 3728 732 3786 et
754 3720 892 3807 duplices
911 3743 1022 3786 sensus
1036 3721 1225 3809 cognitionis
1245 3721 1315 3808 quis
1329 3720 1479 3808 defugiat,

327 3823 460 3900 latenter
474 3824 676 3908 semetipsum
690 3823 804 3889 occidit
818 3824 986 3889 hominem.

392 3928 423 3990 2.
469 3925 736 4007 Quemadmodum
758 3925 853 4012 igitur
876 3925 935 3991 erit
959 3927 1056 4005 Deua,
1082 3927 1134 4012 qui
1156 3928 1294 3992 nondum
1309 3929 1411 3994 lactus
1431 3936 1481 3994 est
1504 3961 1515 3978 ·

326 4026 440 4092 homot
462 4027 615 4113 quomodo
630 4035 735 4093 autem
749 4029 912 4114 perfectus,
925 4051 1023 4116 nuper
1036 4031 1184 4097 effectus?
1206 4031 1360 4118 quomodo
1374 4039 1482 4096 autam

327 4128 519 4209 immortalis,
535 4129 588 4215 qui
603 4131 651 4194 ⁴in
669 4139 780 4196 ustura
798 4132 921 4196 mortali
942 4155 1005 4198 non
1024 4135 1161 4201 obedivit
1180 4134 1310 4201 factori?
1349 4134 1482 4220 Oportet

377 4281 388 4314 ¹
404 4297 454 4332 non
471 4283 575 4332 omitted
590 4284 616 4332 in
632 4284 675 4332 the
692 4283 792 4334 Cannu.
808 4282 876 4344 MS,
978 4283 989 4316 ¹
1004 4287 1132 4352 sdrightly
1139 4289 1271 4352 expunged
1282 4289 1316 4354 by
1324 4288 1421 4350 Mssa,
1431 4291 1482 4338 and

327 4363 374 4412 bnt
385 4365 428 4413 the
439 4363 583 4412 comalative
597 4365 707 4413 member
719 4363 813 4414 absolbe
826 4364 878 4413 Deo
928 4371 974 4416 not
984 4365 1010 4414 in
1021 4367 1064 4416 the
1076 4368 1120 4416 Cn.
1133 4369 1183 4416 and
1193 4369 1275 4421 Voss.
1304 4370 1342 4420 att
1352 4385 1413 4431 carm,
1431 4371 1479 4420 Aa.

327 4445 422 4493 follows
439 4444 593 4496 afterwards.
627 4447 678 4496 AB.
698 4446 769 4496 reads
786 4445 829 4496 boo
846 4453 879 4496 eat
977 4447 988 4481 ⁸
1006 4449 1106 4498 Cannu.
1118 4457 1180 4500 met.

328 4531 407 4575 auum
418 4542 475 4578 aon.
977 4527 988 4560 ⁴
1004 4529 1055 4578 An.
1068 4529 1141 4579 omits
1153 4531 1186 4584 ia.
