3292 5068
331 363 376 426 30
733 373 856 426 PATER
881 373 928 425 Er
953 373 1078 426 FILIUS

189 549 294 636 *litim
310 551 314 558 ·
330 527 503 606 constituit,
518 535 551 594 et
565 548 635 614 quas
649 527 734 592 facts
747 535 821 592 sunt
834 528 875 592 ab
890 549 927 592 eo
942 526 994 614 qui
1009 526 1093 593 feeit.
1125 527 1197 614 Ipse
1211 527 1295 592 onim
1309 527 1442 594 inlectus
1455 535 1490 595 et

166 642 313 728 ‘tfflbffiil
330 633 398 698 sine
412 633 501 698 initio
521 641 554 698 et
578 633 646 698 sine
672 632 734 698 line
753 641 786 698 et
803 631 918 696 nullius
937 632 1090 719 indigens,
1110 632 1177 718 ipse
1194 633 1255 698 sibi
1271 633 1437 714 sufficiens,
1455 643 1491 700 et

169 735 319 824 Q
330 737 431 802 adhue
445 737 571 824 reliquis
585 736 738 814 omnibus,
751 744 786 800 ut
800 725 874 814 sint,
890 735 950 800 boo
964 735 1066 822 ipsum
1082 743 1252 822 praestans:
1276 758 1347 822 quse
1361 758 1433 800 vero
1446 737 1489 802 ab

331 862 369 906 eo
393 849 468 905 sunt
498 841 592 918 laeta,
615 839 738 904 initium
764 847 954 905 sumserunt.
1005 839 1206 925 Quaecunque
1233 848 1339 904 antem
1365 839 1488 904 initium

330 951 517 1020 sumserunt,
544 951 577 1008 et
599 942 833 1008 dissolutionem
855 949 986 1028 possunt
1009 942 1175 1028 peremere,
1196 949 1230 1008 et
1252 945 1395 1030 subjecta
1413 951 1488 1008 sunt

331 1055 364 1111 et
379 1045 521 1132 indigent
538 1045 607 1130 ejus
626 1044 729 1131 quise
750 1045 835 1122 lecit,
857 1065 985 1110 neeesse
1002 1054 1052 1111 est
1070 1045 1259 1124 omnimodo,
1278 1047 1324 1110 uti
1345 1047 1489 1112 differens

330 1147 513 1215 vocabulum
533 1148 669 1212 habeant
688 1147 771 1233 apud
791 1169 846 1213 eos
863 1147 968 1226 etism,
989 1149 1043 1235 qui
1060 1149 1109 1214 vel
1127 1149 1285 1214 modicum
1306 1171 1433 1214 sensnm
1455 1150 1489 1214 in

332 1251 534 1318 discernendo
548 1250 625 1316 talis
642 1251 776 1316 babent:
796 1251 842 1315 ita
859 1259 895 1315 ut
909 1251 937 1316 is
952 1251 1079 1339 quidem
1094 1252 1147 1338 qui
1161 1251 1267 1317 omnia
1280 1251 1398 1330 lecerit,
1415 1274 1489 1318 oum

333 1355 440 1420 Verbo
454 1376 511 1420 suo
522 1355 608 1440 juste
622 1353 743 1420 dicatur
758 1354 847 1420 Dens
860 1363 893 1420 et
909 1353 1064 1420 Dominus
1075 1353 1180 1429 solus;
1201 1375 1270 1441 quae
1284 1363 1391 1420 sutem
1405 1355 1490 1420 faeta

330 1469 414 1538 sunt,
430 1480 493 1522 non
503 1459 570 1544 jam
584 1458 724 1545 ejusdem
737 1457 881 1522 vocabuli
896 1457 1121 1543 participabilis
1139 1479 1218 1536 esse,
1238 1478 1339 1545 neque
1352 1457 1438 1544 juste
1455 1458 1490 1523 id

331 1560 515 1627 vocabulum
528 1583 651 1626 sumere
666 1560 789 1640 debere,
804 1559 888 1648 quod
901 1569 950 1625 est
965 1559 1133 1626 Oreatoris.

810 1763 915 1830 OAP.
939 1763 1005 1830 IX.

359 1903 482 1996 Quum
496 1903 700 1980 babuerunt
718 1901 764 1978 de
780 1903 862 1980 Deo
878 1902 1070 1979 seientiam
1085 1900 1262 2004 Apostoli,
1283 1899 1349 2003 qui
1363 1901 1465 1979 nobis

654 2020 901 2122 Eoonpelium
918 2019 1163 2096 tradiderunt.

399 2173 428 2234 1.
474 2168 628 2234 Osrsuso
641 2169 701 2236 boo
721 2169 818 2258 igitur
833 2170 884 2235 hio
898 2169 999 2256 plane,
1023 2177 1056 2235 et
1079 2170 1181 2236 adhue
1195 2170 1378 2237 ostendetur
1392 2171 1491 2236 mani-

330 2273 450 2352 festius,
473 2273 630 2338 neminem
652 2273 785 2339 alterum
801 2273 972 2338 Dominum
991 2272 1040 2338 vel
1059 2273 1174 2352 Deum,
1196 2295 1297 2359 neque
1311 2275 1490 2360 propbetas,

331 2399 431 2464 neque
455 2377 638 2464 Apostolos,
662 2399 763 2465 neque
787 2377 958 2442 Dominum
980 2377 1139 2443 Christum
1161 2377 1339 2442 contessum
1360 2399 1429 2443 esse
1449 2400 1491 2444 ex

329 2503 388 2548 sua
401 2504 544 2570 persone,
559 2483 616 2548 sed
630 2483 785 2569 praeoipue
801 2483 905 2548 Deum
919 2491 952 2547 et
967 2481 1157 2547 Dominum:
1182 2481 1341 2568 prophetis
1365 2482 1491 2569 quidem

329 2593 363 2651 et
392 2585 556 2673 Apostolis
586 2587 716 2652 Patrem
741 2595 774 2652 et
805 2585 921 2650 Filium
949 2585 1189 2662 confitentibus3
1223 2585 1357 2652 altemm
1384 2593 1491 2650 autem

329 2689 496 2767 neminem,
511 2710 611 2774 neque
626 2686 731 2753 Deum
750 2687 993 2765 nominantibus,
1010 2709 1111 2773 neque
1127 2686 1298 2752 Dominum
1314 2685 1491 2752 confitenti-

330 2793 406 2857 bus:
431 2799 464 2858 et
485 2793 553 2877 ipso
576 2791 713 2857 Domino
737 2791 867 2856 Patrem
889 2799 1011 2856 tantum
1034 2791 1138 2856 Deum
1159 2800 1193 2856 et
1216 2791 1385 2857 Dominum
1407 2813 1489 2870 eum,
1506 2807 1537 2848 u.
1550 2811 1598 2850 roe.

330 2894 384 2981 qni
406 2894 491 2960 solus
517 2903 567 2960 est
590 2895 679 2960 Deus
704 2903 737 2960 et
761 2894 938 2959 dominator
962 2893 1111 2973 omnium,
1137 2895 1281 2960 tradente
1310 2893 1489 2980 discipulis3

330 2999 418 3086 sequi
440 3020 499 3064 nos
516 3006 650 3085 oportet,
673 2999 702 3064 si
723 2999 848 3086 quidem
865 2998 987 3064 illorum
1006 3021 1114 3064 sumus
1136 2999 1287 3086 discipuli,
1311 2999 1492 3064 testimonia

330 3101 452 3167 illorum
466 3103 512 3167 ita
528 3123 563 3168 se
578 3101 735 3167 habentia.
773 3101 949 3168 Matthaeus
963 3102 1046 3166 enim
1063 3103 1246 3188 Apostolus,
1259 3125 1356 3168 unum
1370 3110 1403 3168 et
1416 3124 1492 3168 eun-

331 3205 403 3270 dem
417 3204 521 3270 soiens
535 3205 649 3284 Deum,
666 3205 719 3290 qui
738 3205 975 3290 promissionem
993 3206 1101 3272 lecerit
1117 3206 1266 3285 Abrabae,
1287 3207 1443 3272 facturum
1456 3227 1492 3270 se

169 3339 293 3379 oenus.
331 3329 439 3372 semen
463 3309 532 3394 ejus
557 3307 646 3394 quasi
671 3307 778 3372 stellas
801 3306 882 3386 cosli,
909 3307 962 3394 qni
987 3331 1042 3395 per
1066 3307 1183 3372 Filium
1216 3329 1309 3373 suum
1332 3307 1493 3374 Christum

333 3408 357 3474 J
359 3431 447 3474 esum
464 3432 484 3474 a
500 3409 638 3495 lepidum
655 3410 778 3476 cultura
796 3409 830 3474 in
849 3431 939 3475 suam
965 3433 1024 3476 nos
1043 3412 1237 3499 agnitionem
1257 3411 1422 3489 vocaverit,
1445 3411 1492 3476 uti

169 3521 322 3614 {lfflfffp
333 3513 422 3579 fieret
435 3514 489 3600 qui
502 3535 562 3578 stoa
570 3513 713 3600 populus,
723 3514 879 3601 populetur
903 3525 933 3580 ot
947 3537 1006 3580 ooo
1025 3515 1148 3594 dilecto,
1169 3515 1290 3592 dileto,
1311 3514 1356 3578 ait
1371 3513 1395 3578 J
1397 3513 1492 3578 ohan·

171 3615 191 3651 ⁸¹
202 3614 262 3653 Μ
333 3639 415 3697 nem,
431 3625 660 3705 praeparantem
676 3617 801 3684 Christo
816 3617 908 3697 viam,
924 3617 975 3684 his
990 3617 1042 3705 qui
1057 3619 1089 3682 in
1106 3617 1222 3684 oarnnli
1238 3617 1363 3705 quidem
1378 3639 1493 3704 cogna-

332 3722 418 3788 tione
433 3721 656 3810 gloriabantur,
672 3721 806 3786 ¹varium
820 3731 927 3787 autem
941 3729 974 3786 et
988 3721 1073 3787 omni
1088 3721 1206 3786 malitia
1220 3721 1409 3808 completum
1423 3743 1494 3786 sen·

332 3847 403 3892 sum
417 3827 585 3904 habebunt,
601 3847 670 3890 eam
686 3823 904 3911 poenitentiam
924 3847 994 3912 quae
1016 3847 1037 3890 a
1052 3825 1171 3889 malitia
1185 3833 1352 3904 revocaret,
1373 3846 1494 3890 annun-

172 3966 233 4006 Μ,
242 3965 295 4010 mr
333 3929 464 3995 tientem
476 3929 607 3995 dixisse:
631 3927 800 4014 Propensior
814 3929 1001 4014 operarum,
1017 3930 1086 4015 quie
1100 3928 1182 3994 nobes
1195 3931 1496 4015 nwoetroot'tsoqers

170 4023 226 4062 Μ’
334 4029 373 4098 ab
398 4033 452 4098 iro
475 4032 625 4098 uenturo?
661 4031 772 4096 Facite
800 4053 869 4118 erpo
899 4033 1051 4116 2Ῐν-οοίοιννν
1076 4033 1203 4120 debitum
1225 4033 1435 4119 poenitentias:
1466 4041 1496 4096 et

384 4187 394 4220 ¹
412 4189 521 4237 ποικίλον
538 4189 563 4237 δὲ
580 4189 619 4236 καὶ
637 4187 716 4247 πόσης
738 4186 888 4249 ῥᾳδιουργίας
933 4187 1014 4250 fradre
1029 4189 1121 4250 καρπὸν
1138 4189 1210 4248 ἄξιον,
1226 4184 1389 4249 praestum
1404 4185 1495 4233 Irenoei

337 4271 418 4332 πλήρη
429 4271 471 4318 τὸν
481 4271 534 4317 νοΰν
545 4271 626 4330 ἔσχον.
938 4269 1024 4330 boum,
1045 4275 1066 4318 et
1087 4268 1171 4317 uarios
1191 4267 1314 4327 oereiorsea,
1336 4273 1416 4329 aperte
1431 4265 1496 4315 docet

385 4349 521 4412 'fructum
542 4349 646 4412 diffluum
668 4350 821 4412 penitentie.
856 4351 888 4400 In
941 4348 1495 4413 OriperweTorn.V11.0ommearor.loJolon-

334 4432 440 4495 vulparia
451 4431 548 4495 quidem
559 4432 583 4481 S.
596 4431 707 4481 Mausos·
728 4433 804 4483 Oodd.
825 4433 889 4483 Groe·
939 4447 993 4480 mm
1006 4447 1066 4494 pop.
1089 4445 1142 4495 119,
1160 4431 1204 4480 udi
1219 4437 1348 4495 postquam
1365 4429 1461 4478 dixerat
1479 4445 1496 4478 ο

336 4514 566 4577 οἰονιοοοῑιρίπνοο,
585 4515 690 4576 καρποὺς
704 4516 789 4575 ἀξίους.
826 4515 891 4565 Olim
939 4513 1251 4564 &reassumendum
1268 4512 1407 4576 Baptistam
1422 4511 1496 4559 intro

337 4605 416 4648 autem
443 4596 472 4646 io
498 4596 623 4657 rinpulori
649 4611 749 4646 enumero
775 4597 891 4660 scriptum
940 4595 1000 4646 cluet
1016 4596 1146 4657 mouentem
1159 4594 1380 4645 odPltarisororet
1398 4593 1494 4642 Saddu-
