<?xml version="1.0" encoding="UTF-8"?>
<!DOCTYPE html PUBLIC "-//W3C//DTD XHTML 1.0 Transitional//EN"
    "http://www.w3.org/TR/xhtml1/DTD/xhtml1-transitional.dtd">
<html xmlns="http://www.w3.org/1999/xhtml" xml:lang="en" lang="en">
 <head>
  <title>
</title>
<meta http-equiv="Content-Type" content="text/html;charset=utf-8" />
  <meta name='ocr-system' content='tesseract 3.04.00' />
  <meta name='ocr-capabilities' content='ocr_page ocr_carea ocr_par ocr_line ocrx_word'/>
</head>
<body>
  <div class='ocr_page' id='page_1' title='image "./sanctiirenaeili00irengoog_0504.png"; bbox 0 0 3270 5116; ppageno 0'>
   <div class='ocr_carea' id='block_1_1' title="bbox 494 366 1307 437">
    <p class='ocr_par' dir='ltr' id='par_1_1' title="bbox 494 366 1307 437">
     <span class='ocr_line' id='line_1_1' title="bbox 494 366 1307 437; baseline -0.001 -5"><span class='ocrx_word' id='word_1_1' title='bbox 494 375 496 382; x_wconf 83' lang='lat'>·</span> <span class='ocrx_word' id='word_1_2' title='bbox 606 381 854 437; x_wconf 77' lang='lat' dir='ltr'>rnnouuuun.</span> <span class='ocrx_word' id='word_1_3' title='bbox 1241 366 1307 433; x_wconf 87' lang='grc'>493</span> 
     </span>
    </p>
   </div>
   <div class='ocr_carea' id='block_1_2' title="bbox 153 537 1309 1090">
    <p class='ocr_par' dir='ltr' id='par_1_2' title="bbox 153 537 1309 1090">
     <span class='ocr_line' id='line_1_2' title="bbox 153 537 1309 640; baseline 0.003 -31"><span class='ocrx_word' id='word_1_4' title='bbox 153 547 197 632; x_wconf 76' lang='grc' dir='ltr'>τῇ</span> <span class='ocrx_word' id='word_1_5' title='bbox 219 537 349 629; x_wconf 77' lang='grc' dir='ltr'>καθόδῳ</span> <span class='ocrx_word' id='word_1_6' title='bbox 368 546 426 622; x_wconf 75' lang='grc' dir='ltr'>τῆς</span> <span class='ocrx_word' id='word_1_7' title='bbox 449 539 548 631; x_wconf 78' lang='grc' dir='ltr'>ἀγίαε</span> <span class='ocrx_word' id='word_1_8' title='bbox 568 539 682 637; x_wconf 70' lang='grc' dir='ltr'>ψυχῆς</span> <span class='ocrx_word' id='word_1_9' title='bbox 700 539 870 639; x_wconf 79' lang='grc' dir='ltr'>Χριστοῦ.</span> <span class='ocrx_word' id='word_1_10' title='bbox 912 539 966 617; x_wconf 82' lang='grc' dir='ltr'>Ὡς</span> <span class='ocrx_word' id='word_1_11' title='bbox 986 537 1054 638; x_wconf 80' lang='grc' dir='ltr'>γὰρ</span> <span class='ocrx_word' id='word_1_12' title='bbox 1074 539 1118 612; x_wconf 81' lang='grc' dir='ltr'>τό</span> <span class='ocrx_word' id='word_1_13' title='bbox 1137 541 1309 640; x_wconf 82' lang='grc' dir='ltr'>κουφότα-</span> 
     </span>
     <span class='ocr_line' id='line_1_3' title="bbox 153 648 1309 752; baseline 0.003 -31"><span class='ocrx_word' id='word_1_14' title='bbox 153 682 214 722; x_wconf 92' lang='grc' dir='ltr'>τον</span> <span class='ocrx_word' id='word_1_15' title='bbox 244 648 345 746; x_wconf 82' lang='grc' dir='ltr'>ξύλον</span> <span class='ocrx_word' id='word_1_16' title='bbox 370 653 578 751; x_wconf 81' lang='grc' dir='ltr'>ὑποβρύχιον</span> <span class='ocrx_word' id='word_1_17' title='bbox 604 654 751 744; x_wconf 79' lang='grc' dir='ltr'>γε’γονεν,</span> <span class='ocrx_word' id='word_1_18' title='bbox 779 655 797 724; x_wconf 89' lang='grc' dir='ltr'>ὁ</span> <span class='ocrx_word' id='word_1_19' title='bbox 828 651 863 723; x_wconf 81' lang='grc' dir='ltr'>δὲ</span> <span class='ocrx_word' id='word_1_20' title='bbox 891 654 1086 752; x_wconf 72' lang='grc' dir='ltr'>βαρύτατος</span> <span class='ocrx_word' id='word_1_21' title='bbox 1115 653 1309 727; x_wconf 79' lang='grc' dir='ltr'>ἐπεπόλασε</span> 
     </span>
     <span class='ocr_line' id='line_1_4' title="bbox 154 761 1309 862; baseline 0.002 -28"><span class='ocrx_word' id='word_1_22' title='bbox 154 761 301 862; x_wconf 81' lang='grc' dir='ltr'>σίδηρος·</span> <span class='ocrx_word' id='word_1_23' title='bbox 336 763 421 836; x_wconf 74' lang='grc' dir='ltr'>οὕτω</span> <span class='ocrx_word' id='word_1_24' title='bbox 450 771 513 836; x_wconf 79' lang='grc' dir='ltr'>τοῦ</span> <span class='ocrx_word' id='word_1_25' title='bbox 537 765 624 836; x_wconf 80' lang='grc' dir='ltr'>Θεοῦ</span> <span class='ocrx_word' id='word_1_26' title='bbox 652 767 761 857; x_wconf 91' lang='grc' dir='ltr'>λόγου</span> <span class='ocrx_word' id='word_1_27' title='bbox 792 767 912 850; x_wconf 79' lang='grc' dir='ltr'>ἐνόσει,</span> <span class='ocrx_word' id='word_1_28' title='bbox 946 773 991 859; x_wconf 76' lang='grc' dir='ltr'>τῇ</span> <span class='ocrx_word' id='word_1_29' title='bbox 1018 767 1091 836; x_wconf 85' lang='grc' dir='ltr'>καθ’</span> <span class='ocrx_word' id='word_1_30' title='bbox 1119 767 1309 838; x_wconf 77' lang='grc' dir='ltr'>ὑπόστασιν</span> 
     </span>
     <span class='ocr_line' id='line_1_5' title="bbox 155 875 1308 977; baseline 0.003 -31"><span class='ocrx_word' id='word_1_31' title='bbox 155 879 288 973; x_wconf 70' lang='grc' dir='ltr'>φυσικῇ,</span> <span class='ocrx_word' id='word_1_32' title='bbox 324 878 497 954; x_wconf 72' lang='grc' dir='ltr'>ἀναθέντος</span> <span class='ocrx_word' id='word_1_33' title='bbox 521 880 565 971; x_wconf 73' lang='grc' dir='ltr'>τῇ</span> <span class='ocrx_word' id='word_1_34' title='bbox 591 877 700 977; x_wconf 83' lang='grc' dir='ltr'>σαρκί,</span> <span class='ocrx_word' id='word_1_35' title='bbox 733 876 777 950; x_wconf 83' lang='grc' dir='ltr'>τό</span> <span class='ocrx_word' id='word_1_36' title='bbox 809 877 899 976; x_wconf 79' lang='grc' dir='ltr'>βαρὺ</span> <span class='ocrx_word' id='word_1_37' title='bbox 927 877 981 949; x_wconf 79' lang='grc' dir='ltr'>καί</span> <span class='ocrx_word' id='word_1_38' title='bbox 1009 875 1125 970; x_wconf 80' lang='grc' dir='ltr'>γεῶδες</span> <span class='ocrx_word' id='word_1_39' title='bbox 1156 876 1220 949; x_wconf 85' lang='grc' dir='ltr'>ύπό</span> <span class='ocrx_word' id='word_1_40' title='bbox 1250 886 1308 961; x_wconf 75' lang='grc' dir='ltr'>τῆς</span> 
     </span>
     <span class='ocr_line' id='line_1_6' title="bbox 155 987 1309 1090; baseline 0.002 -30"><span class='ocrx_word' id='word_1_41' title='bbox 155 989 241 1065; x_wconf 79' lang='grc' dir='ltr'>θείας</span> <span class='ocrx_word' id='word_1_42' title='bbox 278 990 407 1088; x_wconf 80' lang='grc' dir='ltr'>φύσεως</span> <span class='ocrx_word' id='word_1_43' title='bbox 440 993 483 1068; x_wconf 78' lang='grc' dir='ltr'>είς</span> <span class='ocrx_word' id='word_1_44' title='bbox 520 989 669 1090; x_wconf 80' lang='grc' dir='ltr'>ούρανοίνς</span> <span class='ocrx_word' id='word_1_45' title='bbox 700 990 872 1090; x_wconf 73' lang='grc' dir='ltr'>ἀνελήφθη</span> <span class='ocrx_word' id='word_1_46' title='bbox 908 988 995 1074; x_wconf 78' lang='grc' dir='ltr'>μετὰ</span> <span class='ocrx_word' id='word_1_47' title='bbox 1030 990 1090 1074; x_wconf 75' lang='grc' dir='ltr'>τὴν</span> <span class='ocrx_word' id='word_1_48' title='bbox 1121 987 1309 1064; x_wconf 79' lang='grc' dir='ltr'>ἀνάστασιν</span> 
     </span>
    </p>
   </div>
   <div class='ocr_carea' id='block_1_3' title="bbox 152 1101 398 1202">
    <p class='ocr_par' dir='ltr' id='par_1_3' title="bbox 152 1101 398 1202">
     <span class='ocr_line' id='line_1_7' title="bbox 152 1101 398 1202; baseline 0 -30"><span class='ocrx_word' id='word_1_49' title='bbox 152 1101 398 1202; x_wconf 79' lang='grc' dir='ltr'>ἀφθαρτισθέν.</span> 
     </span>
    </p>
   </div>
   <div class='ocr_carea' id='block_1_4' title="bbox 236 1337 1305 1600">
    <p class='ocr_par' dir='ltr' id='par_1_4' title="bbox 236 1337 1305 1600">
     <span class='ocr_line' id='line_1_8' title="bbox 647 1337 809 1405; baseline 0.006 -1"><span class='ocrx_word' id='word_1_50' title='bbox 647 1337 809 1405; x_wconf 90' lang='lat' dir='ltr'><strong>XXVII.</strong></span> 
     </span>
     <span class='ocr_line' id='line_1_9' title="bbox 236 1495 1305 1600; baseline -0.005 -29"><span class='ocrx_word' id='word_1_51' title='bbox 236 1498 291 1571; x_wconf 83' lang='grc' dir='ltr'>Τό</span> <span class='ocrx_word' id='word_1_52' title='bbox 311 1497 397 1570; x_wconf 79' lang='grc' dir='ltr'>κατὰ</span> <span class='ocrx_word' id='word_1_53' title='bbox 417 1499 602 1570; x_wconf 89' lang='grc' dir='ltr'>Ματθαῖον</span> <span class='ocrx_word' id='word_1_54' title='bbox 621 1496 840 1590; x_wconf 78' lang='grc' dir='ltr'>Εύαγγέλιον</span> <span class='ocrx_word' id='word_1_55' title='bbox 857 1495 941 1597; x_wconf 79' lang='grc' dir='ltr'>πρὸς</span> <span class='ocrx_word' id='word_1_56' title='bbox 965 1497 1139 1577; x_wconf 77' lang='grc' dir='ltr'>Ἰουδαίους·</span> <span class='ocrx_word' id='word_1_57' title='bbox 1159 1495 1305 1600; x_wconf 81' lang='grc' dir='ltr'>ἐγράφη·</span> 
     </span>
    </p>
   </div>
   <div class='ocr_carea' id='block_1_5' title="bbox 153 1609 1308 2160">
    <p class='ocr_par' dir='ltr' id='par_1_5' title="bbox 153 1609 1308 2160">
     <span class='ocr_line' id='line_1_10' title="bbox 155 1609 1308 1712; baseline 0 -28"><span class='ocrx_word' id='word_1_58' title='bbox 155 1611 248 1684; x_wconf 75' lang='grc' dir='ltr'>οὗτοι</span> <span class='ocrx_word' id='word_1_59' title='bbox 279 1611 347 1712; x_wconf 78' lang='grc' dir='ltr'>γὰρ</span> <span class='ocrx_word' id='word_1_60' title='bbox 378 1613 557 1695; x_wconf 80' lang='grc' dir='ltr'>ἐπεθύμουν</span> <span class='ocrx_word' id='word_1_61' title='bbox 589 1612 675 1682; x_wconf 81' lang='grc' dir='ltr'>πάνυ</span> <span class='ocrx_word' id='word_1_62' title='bbox 711 1609 850 1710; x_wconf 91' lang='grc' dir='ltr'>σφόδρα</span> <span class='ocrx_word' id='word_1_63' title='bbox 889 1613 923 1682; x_wconf 81' lang='grc' dir='ltr'>ἐκ</span> <span class='ocrx_word' id='word_1_64' title='bbox 960 1613 1155 1712; x_wconf 76' lang='grc' dir='ltr'>σπέρματος</span> <span class='ocrx_word' id='word_1_65' title='bbox 1192 1613 1308 1702; x_wconf 80' lang='grc' dir='ltr'>Δαβῖδ</span> 
     </span>
     <span class='ocr_line' id='line_1_11' title="bbox 154 1723 1306 1826; baseline 0.001 -30"><span class='ocrx_word' id='word_1_66' title='bbox 154 1725 322 1824; x_wconf 88' lang='grc' dir='ltr'>Χριστόν.</span> <span class='ocrx_word' id='word_1_67' title='bbox 361 1725 404 1795; x_wconf 93' lang='grc' dir='ltr'>Ὁ</span> <span class='ocrx_word' id='word_1_68' title='bbox 418 1723 452 1795; x_wconf 77' lang='grc' dir='ltr'>δὲ</span> <span class='ocrx_word' id='word_1_69' title='bbox 472 1723 663 1806; x_wconf 81' lang='grc' dir='ltr'>Ματθαΐος,</span> <span class='ocrx_word' id='word_1_70' title='bbox 681 1723 736 1794; x_wconf 81' lang='grc' dir='ltr'>καί</span> <span class='ocrx_word' id='word_1_71' title='bbox 751 1725 801 1794; x_wconf 81' lang='grc' dir='ltr'>ἔτι</span> <span class='ocrx_word' id='word_1_72' title='bbox 818 1727 952 1807; x_wconf 80' lang='grc' dir='ltr'>μᾶλλον</span> <span class='ocrx_word' id='word_1_73' title='bbox 965 1724 1205 1826; x_wconf 76' lang='grc' dir='ltr'>σφοδροτέραν</span> <span class='ocrx_word' id='word_1_74' title='bbox 1222 1728 1306 1824; x_wconf 78' lang='grc' dir='ltr'>ἔχων</span> 
     </span>
     <span class='ocr_line' id='line_1_12' title="bbox 153 1835 1308 1939; baseline 0.001 -29"><span class='ocrx_word' id='word_1_75' title='bbox 153 1839 214 1922; x_wconf 71' lang='grc' dir='ltr'>τὴν</span> <span class='ocrx_word' id='word_1_76' title='bbox 236 1839 393 1920; x_wconf 84' lang='grc' dir='ltr'>τοιαύτην</span> <span class='ocrx_word' id='word_1_77' title='bbox 422 1837 603 1922; x_wconf 80' lang='grc' dir='ltr'>ἐπιθυμίαν,</span> <span class='ocrx_word' id='word_1_78' title='bbox 630 1837 793 1913; x_wconf 76' lang='grc' dir='ltr'>παντοίως</span> <span class='ocrx_word' id='word_1_79' title='bbox 813 1835 949 1908; x_wconf 80' lang='grc' dir='ltr'>ἔσπευδε</span> <span class='ocrx_word' id='word_1_80' title='bbox 966 1841 1204 1938; x_wconf 86' lang='grc' dir='ltr'>πληροφορίαν</span> <span class='ocrx_word' id='word_1_81' title='bbox 1221 1870 1308 1939; x_wconf 91' lang='grc' dir='ltr'>παρ-</span> 
     </span>
     <span class='ocr_line' id='line_1_13' title="bbox 153 1947 1306 2049; baseline 0.003 -28"><span class='ocrx_word' id='word_1_82' title='bbox 153 1951 242 2048; x_wconf 79' lang='grc' dir='ltr'>έχειν</span> <span class='ocrx_word' id='word_1_83' title='bbox 261 1951 380 2034; x_wconf 65' lang='lat' dir='ltr'>adroic,</span> <span class='ocrx_word' id='word_1_84' title='bbox 400 1955 439 2028; x_wconf 79' lang='grc' dir='ltr'>ὡς</span> <span class='ocrx_word' id='word_1_85' title='bbox 459 1951 505 2033; x_wconf 84' lang='grc' dir='ltr'>εἵη</span> <span class='ocrx_word' id='word_1_86' title='bbox 523 1951 558 2020; x_wconf 83' lang='grc' dir='ltr'>εἰι</span> <span class='ocrx_word' id='word_1_87' title='bbox 584 1951 783 2048; x_wconf 75' lang='grc' dir='ltr'>σπέρματος</span> <span class='ocrx_word' id='word_1_88' title='bbox 809 1947 924 2037; x_wconf 73' lang='grc' dir='ltr'>Δαβὶδ</span> <span class='ocrx_word' id='word_1_89' title='bbox 949 1949 1150 2049; x_wconf 82' lang='grc' dir='ltr'>ὁΧριστός·</span> <span class='ocrx_word' id='word_1_90' title='bbox 1180 1949 1231 2025; x_wconf 76' lang='grc' dir='ltr'>διὸ</span> <span class='ocrx_word' id='word_1_91' title='bbox 1252 1952 1306 2024; x_wconf 78' lang='grc' dir='ltr'>καί</span> 
     </span>
     <span class='ocr_line' id='line_1_14' title="bbox 153 2059 751 2160; baseline -0.007 -26"><span class='ocrx_word' id='word_1_92' title='bbox 153 2061 222 2135; x_wconf 78' lang='grc' dir='ltr'>ἀπὸ</span> <span class='ocrx_word' id='word_1_93' title='bbox 240 2072 296 2146; x_wconf 75' lang='grc' dir='ltr'>τῆς</span> <span class='ocrx_word' id='word_1_94' title='bbox 317 2064 472 2156; x_wconf 77' lang='grc' dir='ltr'>γενέσεως</span> <span class='ocrx_word' id='word_1_95' title='bbox 491 2063 594 2135; x_wconf 74' lang='grc' dir='ltr'>αὐτοῦ</span> <span class='ocrx_word' id='word_1_96' title='bbox 613 2059 751 2160; x_wconf 78' lang='grc' dir='ltr'>ἤρξατο.</span> 
     </span>
    </p>
   </div>
   <div class='ocr_carea' id='block_1_6' title="bbox 640 2345 820 2413">
    <p class='ocr_par' dir='ltr' id='par_1_6' title="bbox 640 2345 820 2413">
     <span class='ocr_line' id='line_1_15' title="bbox 640 2345 820 2413; baseline 0.017 -3"><span class='ocrx_word' id='word_1_97' title='bbox 640 2345 820 2413; x_wconf 89' lang='lat' dir='ltr'><strong>XXVIII.</strong></span> 
     </span>
    </p>
   </div>
   <div class='ocr_carea' id='block_1_7' title="bbox 236 2497 1307 2604">
    <p class='ocr_par' dir='ltr' id='par_1_7' title="bbox 236 2497 1307 2604">
     <span class='ocr_line' id='line_1_16' title="bbox 236 2497 1307 2604; baseline 0.006 -35"><span class='ocrx_word' id='word_1_98' title='bbox 236 2500 282 2569; x_wconf 83' lang='lat' dir='ltr'>‘H</span> <span class='ocrx_word' id='word_1_99' title='bbox 304 2497 396 2595; x_wconf 78' lang='grc' dir='ltr'>ἀξίνη</span> <span class='ocrx_word' id='word_1_100' title='bbox 417 2498 501 2600; x_wconf 80' lang='grc' dir='ltr'>πρὸς</span> <span class='ocrx_word' id='word_1_101' title='bbox 518 2501 578 2583; x_wconf 75' lang='grc' dir='ltr'>τὴν</span> <span class='ocrx_word' id='word_1_102' title='bbox 591 2499 697 2603; x_wconf 77' lang='grc' dir='ltr'>ῥίζαν,</span> <span class='ocrx_word' id='word_1_103' title='bbox 717 2500 813 2601; x_wconf 88' lang='grc' dir='ltr'>φησί·</span> <span class='ocrx_word' id='word_1_104' title='bbox 843 2499 1010 2602; x_wconf 79' lang='grc' dir='ltr'>διεγείρων</span> <span class='ocrx_word' id='word_1_105' title='bbox 1027 2499 1112 2604; x_wconf 78' lang='grc' dir='ltr'>πρὸς</span> <span class='ocrx_word' id='word_1_106' title='bbox 1128 2503 1307 2596; x_wconf 73' lang='grc' dir='ltr'>ἐπίγνωσιν</span> 
     </span>
    </p>
   </div>
   <div class='ocr_carea' id='block_1_8' title="bbox 152 2755 1308 3443">
    <p class='ocr_par' dir='ltr' id='par_1_8' title="bbox 152 2755 1308 3443">
     <span class='ocr_line' id='line_1_17' title="bbox 153 2755 1308 2844; baseline 0.001 -23"><span class='ocrx_word' id='word_1_107' title='bbox 153 2757 347 2844; x_wconf 70' lang='lat' dir='ltr'>regrediente</span> <span class='ocrx_word' id='word_1_108' title='bbox 364 2765 473 2823; x_wconf 77' lang='lat' dir='ltr'>sanctu</span> <span class='ocrx_word' id='word_1_109' title='bbox 488 2757 604 2824; x_wconf 73' lang='lat' dir='ltr'>Christi</span> <span class='ocrx_word' id='word_1_110' title='bbox 625 2756 740 2836; x_wconf 78' lang='lat' dir='ltr'>anime,</span> <span class='ocrx_word' id='word_1_111' title='bbox 755 2757 869 2824; x_wconf 84' lang='lat' dir='ltr'>enimae</span> <span class='ocrx_word' id='word_1_112' title='bbox 883 2757 987 2844; x_wconf 86' lang='lat' dir='ltr'>plures</span> <span class='ocrx_word' id='word_1_113' title='bbox 1006 2755 1099 2822; x_wconf 88' lang='lat' dir='ltr'>simul</span> <span class='ocrx_word' id='word_1_114' title='bbox 1112 2757 1308 2822; x_wconf 75' lang='lat' dir='ltr'>ascenderint</span> 
     </span>
     <span class='ocr_line' id='line_1_18' title="bbox 153 2859 1308 2947; baseline -0.002 -21"><span class='ocrx_word' id='word_1_115' title='bbox 153 2867 186 2926; x_wconf 89' lang='lat' dir='ltr'>et</span> <span class='ocrx_word' id='word_1_116' title='bbox 204 2860 237 2924; x_wconf 93' lang='lat' dir='ltr'>in</span> <span class='ocrx_word' id='word_1_117' title='bbox 259 2860 438 2947; x_wconf 89' lang='lat' dir='ltr'>corporibus</span> <span class='ocrx_word' id='word_1_118' title='bbox 460 2861 534 2926; x_wconf 86' lang='lat' dir='ltr'>visae</span> <span class='ocrx_word' id='word_1_119' title='bbox 558 2861 630 2926; x_wconf 87' lang='lat' dir='ltr'>sint.</span> <span class='ocrx_word' id='word_1_120' title='bbox 676 2861 946 2943; x_wconf 77' lang='lat' dir='ltr'>Quemadmodum</span> <span class='ocrx_word' id='word_1_121' title='bbox 967 2859 1051 2925; x_wconf 91' lang='lat' dir='ltr'>enim</span> <span class='ocrx_word' id='word_1_122' title='bbox 1072 2859 1201 2946; x_wconf 87' lang='lat' dir='ltr'>lignum,</span> <span class='ocrx_word' id='word_1_123' title='bbox 1224 2859 1308 2944; x_wconf 90' lang='lat' dir='ltr'>quod</span> 
     </span>
     <span class='ocr_line' id='line_1_19' title="bbox 153 2963 1308 3050; baseline 0 -23"><span class='ocrx_word' id='word_1_124' title='bbox 153 2963 251 3029; x_wconf 85' lang='lat' dir='ltr'>levius</span> <span class='ocrx_word' id='word_1_125' title='bbox 265 2971 325 3040; x_wconf 88' lang='lat' dir='ltr'>est,</span> <span class='ocrx_word' id='word_1_126' title='bbox 341 2963 518 3028; x_wconf 90' lang='lat' dir='ltr'>demersum</span> <span class='ocrx_word' id='word_1_127' title='bbox 532 2972 595 3039; x_wconf 87' lang='lat' dir='ltr'>est;</span> <span class='ocrx_word' id='word_1_128' title='bbox 620 2965 735 3028; x_wconf 81' lang='lat' dir='ltr'>ferrum</span> <span class='ocrx_word' id='word_1_129' title='bbox 749 2985 831 3042; x_wconf 87' lang='lat' dir='ltr'>vero,</span> <span class='ocrx_word' id='word_1_130' title='bbox 848 2963 930 3050; x_wconf 91' lang='lat' dir='ltr'>quod</span> <span class='ocrx_word' id='word_1_131' title='bbox 948 2963 1074 3050; x_wconf 80' lang='lat' dir='ltr'>gravius</span> <span class='ocrx_word' id='word_1_132' title='bbox 1087 2969 1146 3040; x_wconf 86' lang='lat' dir='ltr'>est,</span> <span class='ocrx_word' id='word_1_133' title='bbox 1161 2983 1308 3048; x_wconf 83' lang='lat' dir='ltr'>superno.-</span> 
     </span>
     <span class='ocr_line' id='line_1_20' title="bbox 152 3065 1307 3152; baseline -0.002 -21"><span class='ocrx_word' id='word_1_134' title='bbox 152 3066 248 3132; x_wconf 80' lang='lat' dir='ltr'>tuvit:</span> <span class='ocrx_word' id='word_1_135' title='bbox 272 3066 318 3132; x_wconf 88' lang='lat' dir='ltr'>sic</span> <span class='ocrx_word' id='word_1_136' title='bbox 332 3087 371 3132; x_wconf 85' lang='lat' dir='ltr'>ee</span> <span class='ocrx_word' id='word_1_137' title='bbox 384 3066 524 3132; x_wconf 89' lang='lat' dir='ltr'>unitione</span> <span class='ocrx_word' id='word_1_138' title='bbox 538 3066 736 3152; x_wconf 80' lang='lat' dir='ltr'>hypostatica</span> <span class='ocrx_word' id='word_1_139' title='bbox 749 3074 844 3151; x_wconf 85' lang='lat' dir='ltr'>utque</span> <span class='ocrx_word' id='word_1_140' title='bbox 859 3066 997 3152; x_wconf 81' lang='lat' dir='ltr'>physico,</span> <span class='ocrx_word' id='word_1_141' title='bbox 1013 3087 1076 3151; x_wconf 83' lang='lat' dir='ltr'>que</span> <span class='ocrx_word' id='word_1_142' title='bbox 1087 3065 1230 3131; x_wconf 88' lang='lat' dir='ltr'>Verbum</span> <span class='ocrx_word' id='word_1_143' title='bbox 1245 3065 1307 3130; x_wconf 88' lang='lat' dir='ltr'>Dei</span> 
     </span>
     <span class='ocr_line' id='line_1_21' title="bbox 153 3167 1308 3256; baseline -0.003 -20"><span class='ocrx_word' id='word_1_144' title='bbox 153 3169 239 3236; x_wconf 81' lang='lat' dir='ltr'>corni</span> <span class='ocrx_word' id='word_1_145' title='bbox 265 3171 467 3256; x_wconf 88' lang='lat' dir='ltr'>conjunctum</span> <span class='ocrx_word' id='word_1_146' title='bbox 494 3177 558 3245; x_wconf 84' lang='lat' dir='ltr'>est3</span> <span class='ocrx_word' id='word_1_147' title='bbox 583 3168 666 3253; x_wconf 89' lang='lat' dir='ltr'>quod</span> <span class='ocrx_word' id='word_1_148' title='bbox 691 3190 786 3255; x_wconf 77' lang='lat' dir='ltr'>grove</span> <span class='ocrx_word' id='word_1_149' title='bbox 811 3175 846 3233; x_wconf 89' lang='lat' dir='ltr'>et</span> <span class='ocrx_word' id='word_1_150' title='bbox 871 3175 1029 3233; x_wconf 84' lang='lat' dir='ltr'>terrenum</span> <span class='ocrx_word' id='word_1_151' title='bbox 1058 3175 1135 3246; x_wconf 86' lang='lat' dir='ltr'>erat,</span> <span class='ocrx_word' id='word_1_152' title='bbox 1159 3189 1180 3233; x_wconf 80' lang='lat' dir='ltr'>e</span> <span class='ocrx_word' id='word_1_153' title='bbox 1203 3167 1308 3234; x_wconf 77' lang='lat' dir='ltr'>divine</span> 
     </span>
     <span class='ocr_line' id='line_1_22' title="bbox 152 3271 1308 3358; baseline -0.003 -18"><span class='ocrx_word' id='word_1_154' title='bbox 152 3283 269 3340; x_wconf 79' lang='lat' dir='ltr'>nature</span> <span class='ocrx_word' id='word_1_155' title='bbox 286 3275 319 3338; x_wconf 93' lang='lat' dir='ltr'>in</span> <span class='ocrx_word' id='word_1_156' title='bbox 342 3273 438 3340; x_wconf 86' lang='lat' dir='ltr'>coelos</span> <span class='ocrx_word' id='word_1_157' title='bbox 462 3279 647 3350; x_wconf 83' lang='lat' dir='ltr'>assumtum,</span> <span class='ocrx_word' id='word_1_158' title='bbox 674 3271 939 3338; x_wconf 82' lang='lat' dir='ltr'>immortalitatem</span> <span class='ocrx_word' id='word_1_159' title='bbox 960 3279 1032 3358; x_wconf 87' lang='lat' dir='ltr'>post</span> <span class='ocrx_word' id='word_1_160' title='bbox 1052 3271 1308 3338; x_wconf 75' lang='lat' dir='ltr'>resurrectionem</span> 
     </span>
     <span class='ocr_line' id='line_1_23' title="bbox 155 3383 439 3443; baseline -0.007 -1"><span class='ocrx_word' id='word_1_161' title='bbox 155 3385 358 3443; x_wconf 89' lang='lat' dir='ltr'>consecutum</span> <span class='ocrx_word' id='word_1_162' title='bbox 380 3383 439 3441; x_wconf 85' lang='lat' dir='ltr'>est.</span> 
     </span>
    </p>
   </div>
   <div class='ocr_carea' id='block_1_9' title="bbox 77 3509 1310 4110">
    <p class='ocr_par' dir='ltr' id='par_1_9' title="bbox 153 3509 1310 3906">
     <span class='ocr_line' id='line_1_24' title="bbox 219 3509 1308 3599; baseline -0.002 -21"><span class='ocrx_word' id='word_1_163' title='bbox 219 3512 381 3578; x_wconf 90' lang='lat' dir='ltr'><strong>XXVII.</strong></span> <span class='ocrx_word' id='word_1_164' title='bbox 419 3511 625 3599; x_wconf 78' lang='lat' dir='ltr'>Evangelinm</span> <span class='ocrx_word' id='word_1_165' title='bbox 637 3510 808 3576; x_wconf 87' lang='lat' dir='ltr'>secundum</span> <span class='ocrx_word' id='word_1_166' title='bbox 820 3509 1308 3598; x_wconf 76' lang='lat' dir='ltr'>Matthaeumuddndaeosscrip·</span> 
     </span>
     <span class='ocr_line' id='line_1_25' title="bbox 153 3613 1309 3699; baseline -0.002 -18"><span class='ocrx_word' id='word_1_167' title='bbox 153 3624 296 3682; x_wconf 83' lang='lat' dir='ltr'>tument.</span> <span class='ocrx_word' id='word_1_168' title='bbox 331 3614 377 3678; x_wconf 91' lang='lat' dir='ltr'>Hi</span> <span class='ocrx_word' id='word_1_169' title='bbox 392 3614 476 3679; x_wconf 90' lang='lat' dir='ltr'>enim</span> <span class='ocrx_word' id='word_1_170' title='bbox 487 3613 636 3699; x_wconf 81' lang='lat' dir='ltr'>majorem</span> <span class='ocrx_word' id='word_1_171' title='bbox 652 3613 686 3677; x_wconf 91' lang='lat' dir='ltr'>in</span> <span class='ocrx_word' id='word_1_172' title='bbox 700 3613 827 3679; x_wconf 89' lang='lat' dir='ltr'>modum</span> <span class='ocrx_word' id='word_1_173' title='bbox 841 3613 1008 3698; x_wconf 78' lang='lat' dir='ltr'>cupiebant</span> <span class='ocrx_word' id='word_1_174' title='bbox 1023 3634 1063 3678; x_wconf 89' lang='lat' dir='ltr'>ex</span> <span class='ocrx_word' id='word_1_175' title='bbox 1077 3613 1194 3679; x_wconf 87' lang='lat' dir='ltr'>semine</span> <span class='ocrx_word' id='word_1_176' title='bbox 1206 3613 1309 3680; x_wconf 78' lang='lat' dir='ltr'>David</span> 
     </span>
     <span class='ocr_line' id='line_1_26' title="bbox 155 3713 1308 3799; baseline -0.002 -17"><span class='ocrx_word' id='word_1_177' title='bbox 155 3715 316 3782; x_wconf 75' lang='lat' dir='ltr'>Christum</span> <span class='ocrx_word' id='word_1_178' title='bbox 345 3713 476 3780; x_wconf 88' lang='lat' dir='ltr'>ostendi.</span> <span class='ocrx_word' id='word_1_179' title='bbox 531 3715 706 3779; x_wconf 85' lang='lat' dir='ltr'>Metthaeus</span> <span class='ocrx_word' id='word_1_180' title='bbox 732 3735 804 3780; x_wconf 88' lang='lat' dir='ltr'>vero</span> <span class='ocrx_word' id='word_1_181' title='bbox 831 3715 884 3799; x_wconf 92' lang='lat' dir='ltr'>qui</span> <span class='ocrx_word' id='word_1_182' title='bbox 910 3713 1030 3793; x_wconf 87' lang='lat' dir='ltr'>eadem,</span> <span class='ocrx_word' id='word_1_183' title='bbox 1056 3736 1114 3780; x_wconf 92' lang='lat' dir='ltr'>nec</span> <span class='ocrx_word' id='word_1_184' title='bbox 1128 3715 1308 3784; x_wconf 72' lang='lat' dir='ltr'>,remissiori</span> 
     </span>
     <span class='ocr_line' id='line_1_27' title="bbox 154 3815 1310 3906; baseline 0.003 -24"><span class='ocrx_word' id='word_1_185' title='bbox 154 3839 248 3904; x_wconf 81' lang='lat' dir='ltr'>quem</span> <span class='ocrx_word' id='word_1_186' title='bbox 270 3815 340 3902; x_wconf 87' lang='lat' dir='ltr'>ipsi,</span> <span class='ocrx_word' id='word_1_187' title='bbox 363 3816 534 3902; x_wconf 77' lang='lat' dir='ltr'>cupiditate</span> <span class='ocrx_word' id='word_1_188' title='bbox 557 3825 726 3895; x_wconf 86' lang='lat' dir='ltr'>teneretur,</span> <span class='ocrx_word' id='word_1_189' title='bbox 750 3817 835 3882; x_wconf 93' lang='lat' dir='ltr'>omni</span> <span class='ocrx_word' id='word_1_190' title='bbox 861 3817 982 3882; x_wconf 84' lang='lat' dir='ltr'>ratione</span> <span class='ocrx_word' id='word_1_191' title='bbox 1001 3817 1162 3884; x_wconf 81' lang='lat' dir='ltr'>contendit</span> <span class='ocrx_word' id='word_1_192' title='bbox 1185 3819 1310 3906; x_wconf 81' lang='lat' dir='ltr'>plenam</span> 
     </span>
    </p>

    <p class='ocr_par' dir='ltr' id='par_1_10' title="bbox 77 3918 1310 4110">
     <span class='ocr_line' id='line_1_28' title="bbox 77 3918 1310 4010; baseline 0.005 -26"><span class='ocrx_word' id='word_1_193' title='bbox 77 3966 82 3976; x_wconf 83' lang='lat'><em>-</em></span> <span class='ocrx_word' id='word_1_194' title='bbox 153 3919 231 4007; x_wconf 86' lang='lat' dir='ltr'>ipsis</span> <span class='ocrx_word' id='word_1_195' title='bbox 245 3919 339 3984; x_wconf 87' lang='lat' dir='ltr'>fidem</span> <span class='ocrx_word' id='word_1_196' title='bbox 353 3920 466 3996; x_wconf 84' lang='lat' dir='ltr'>fecere,</span> <span class='ocrx_word' id='word_1_197' title='bbox 483 3920 564 4004; x_wconf 90' lang='lat' dir='ltr'>quod</span> <span class='ocrx_word' id='word_1_198' title='bbox 580 3918 724 3984; x_wconf 76' lang='lat' dir='ltr'>Christus</span> <span class='ocrx_word' id='word_1_199' title='bbox 741 3919 784 3984; x_wconf 86' lang='lat' dir='ltr'>sit</span> <span class='ocrx_word' id='word_1_200' title='bbox 803 3941 822 3984; x_wconf 89' lang='lat' dir='ltr'>e</span> <span class='ocrx_word' id='word_1_201' title='bbox 836 3920 954 3985; x_wconf 87' lang='lat' dir='ltr'>semine</span> <span class='ocrx_word' id='word_1_202' title='bbox 970 3920 1122 3987; x_wconf 74' lang='lat' dir='ltr'>Doridis:</span> <span class='ocrx_word' id='word_1_203' title='bbox 1146 3931 1310 4010; x_wconf 74' lang='lat' dir='ltr'>propterea</span> 
     </span>
     <span class='ocr_line' id='line_1_29' title="bbox 152 4021 756 4110; baseline -0.003 -20"><span class='ocrx_word' id='word_1_204' title='bbox 152 4046 173 4090; x_wconf 78' lang='grc' dir='ltr'>α</span> <span class='ocrx_word' id='word_1_205' title='bbox 188 4023 305 4089; x_wconf 78' lang='lat' dir='ltr'>Christi</span> <span class='ocrx_word' id='word_1_206' title='bbox 319 4022 502 4110; x_wconf 78' lang='lat' dir='ltr'>genealogis</span> <span class='ocrx_word' id='word_1_207' title='bbox 516 4021 640 4086; x_wconf 89' lang='lat' dir='ltr'>initium</span> <span class='ocrx_word' id='word_1_208' title='bbox 655 4022 756 4088; x_wconf 84' lang='lat' dir='ltr'>duxit.</span> 
     </span>
    </p>
   </div>
   <div class='ocr_carea' id='block_1_10' title="bbox 221 4159 1458 4251">
    <p class='ocr_par' dir='ltr' id='par_1_11' title="bbox 221 4159 1458 4251">
     <span class='ocr_line' id='line_1_30' title="bbox 221 4159 1458 4251; baseline -0.002 -25"><span class='ocrx_word' id='word_1_209' title='bbox 221 4159 402 4226; x_wconf 91' lang='lat' dir='ltr'><strong>XXVIII.</strong></span> <span class='ocrx_word' id='word_1_210' title='bbox 448 4160 572 4226; x_wconf 75' lang='lat' dir='ltr'>Securis</span> <span class='ocrx_word' id='word_1_211' title='bbox 585 4160 631 4224; x_wconf 80' lang='lat' dir='ltr'>ad</span> <span class='ocrx_word' id='word_1_212' title='bbox 644 4160 791 4242; x_wconf 80' lang='lat' dir='ltr'>radicem,</span> <span class='ocrx_word' id='word_1_213' title='bbox 806 4159 868 4239; x_wconf 84' lang='lat' dir='ltr'>nit;</span> <span class='ocrx_word' id='word_1_214' title='bbox 888 4161 1030 4228; x_wconf 83' lang='lat' dir='ltr'>excitans</span> <span class='ocrx_word' id='word_1_215' title='bbox 1043 4162 1085 4228; x_wconf 83' lang='lat' dir='ltr'>ed</span> <span class='ocrx_word' id='word_1_216' title='bbox 1099 4162 1310 4251; x_wconf 81' lang='lat' dir='ltr'>cognitionem</span> <span class='ocrx_word' id='word_1_217' title='bbox 1321 4183 1381 4226; x_wconf 73' lang='grc' dir='ltr'>ιιιιι</span> <span class='ocrx_word' id='word_1_218' title='bbox 1391 4185 1420 4225; x_wconf 85' lang='lat' dir='ltr'>m</span> <span class='ocrx_word' id='word_1_219' title='bbox 1429 4185 1458 4224; x_wconf 79' lang='grc' dir='ltr'>ιι.</span> 
     </span>
    </p>
   </div>
   <div class='ocr_carea' id='block_1_11' title="bbox 154 4356 1306 4586">
    <p class='ocr_par' dir='ltr' id='par_1_12' title="bbox 154 4356 1306 4586">
     <span class='ocr_line' id='line_1_31' title="bbox 196 4356 1306 4422; baseline 0.005 -13"><span class='ocrx_word' id='word_1_220' title='bbox 196 4358 319 4409; x_wconf 88' lang='lat' dir='ltr'><strong>XXVII.</strong></span> <span class='ocrx_word' id='word_1_221' title='bbox 340 4357 432 4408; x_wconf 81' lang='lat' dir='ltr'>Editsd</span> <span class='ocrx_word' id='word_1_222' title='bbox 443 4357 477 4422; x_wconf 83' lang='lat' dir='ltr'>by</span> <span class='ocrx_word' id='word_1_223' title='bbox 490 4357 519 4406; x_wconf 90' lang='lat' dir='ltr'>P.</span> <span class='ocrx_word' id='word_1_224' title='bbox 533 4356 640 4407; x_wconf 79' lang='lat' dir='ltr'>Possm.</span> <span class='ocrx_word' id='word_1_225' title='bbox 654 4357 680 4406; x_wconf 90' lang='lat' dir='ltr'>in</span> <span class='ocrx_word' id='word_1_226' title='bbox 692 4373 708 4406; x_wconf 78' lang='lat' dir='ltr'>c</span> <span class='ocrx_word' id='word_1_227' title='bbox 806 4357 946 4406; x_wconf 84' lang='lat' dir='ltr'><strong>XXVIII.</strong></span> <span class='ocrx_word' id='word_1_228' title='bbox 982 4356 1058 4406; x_wconf 87' lang='lat' dir='ltr'>From</span> <span class='ocrx_word' id='word_1_229' title='bbox 1075 4359 1118 4408; x_wconf 90' lang='lat' dir='ltr'>the</span> <span class='ocrx_word' id='word_1_230' title='bbox 1134 4375 1202 4410; x_wconf 76' lang='lat' dir='ltr'>some</span> <span class='ocrx_word' id='word_1_231' title='bbox 1212 4377 1306 4414; x_wconf 83' lang='lat' dir='ltr'>source.</span> 
     </span>
     <span class='ocr_line' id='line_1_32' title="bbox 154 4437 1134 4503; baseline -0.002 -12"><span class='ocrx_word' id='word_1_232' title='bbox 154 4441 245 4491; x_wconf 75' lang='grc' dir='ltr'>Οαιαια</span> <span class='ocrx_word' id='word_1_233' title='bbox 251 4441 358 4490; x_wconf 75' lang='lat' dir='ltr'>Potum</span> <span class='ocrx_word' id='word_1_234' title='bbox 369 4455 402 4489; x_wconf 90' lang='lat' dir='ltr'>cn</span> <span class='ocrx_word' id='word_1_235' title='bbox 414 4439 438 4488; x_wconf 73' lang='grc' dir='ltr'>Β</span> <span class='ocrx_word' id='word_1_236' title='bbox 452 4439 576 4488; x_wconf 68' lang='lat' dir='ltr'>Mattheus</span> <span class='ocrx_word' id='word_1_237' title='bbox 587 4437 603 4486; x_wconf 93' lang='lat' dir='ltr'>i.</span> <span class='ocrx_word' id='word_1_238' title='bbox 616 4437 649 4486; x_wconf 87' lang='lat' dir='ltr'>iii.</span> <span class='ocrx_word' id='word_1_239' title='bbox 663 4454 705 4501; x_wconf 89' lang='lat' dir='ltr'>pp.</span> <span class='ocrx_word' id='word_1_240' title='bbox 757 4437 915 4502; x_wconf 68' lang='lat' dir='ltr'>(temperer.</span> <span class='ocrx_word' id='word_1_241' title='bbox 929 4439 988 4488; x_wconf 84' lang='lat' dir='ltr'>xvii.</span> <span class='ocrx_word' id='word_1_242' title='bbox 1002 4455 1025 4499; x_wconf 82' lang='grc'>4,</span> <span class='ocrx_word' id='word_1_243' title='bbox 1040 4455 1064 4503; x_wconf 89' lang='lat' dir='ltr'>p.</span> <span class='ocrx_word' id='word_1_244' title='bbox 1079 4451 1134 4503; x_wconf 79' lang='lat'>371.</span> 
     </span>
     <span class='ocr_line' id='line_1_33' title="bbox 154 4518 685 4586; baseline -0.008 -15"><span class='ocrx_word' id='word_1_245' title='bbox 154 4537 176 4584; x_wconf 82' lang='lat'>3,</span> <span class='ocrx_word' id='word_1_246' title='bbox 192 4535 231 4586; x_wconf 80' lang='lat'>39.</span> <span class='ocrx_word' id='word_1_247' title='bbox 265 4521 304 4572; x_wconf 76' lang='lat' dir='ltr'>cf.</span> <span class='ocrx_word' id='word_1_248' title='bbox 317 4538 360 4586; x_wconf 93' lang='lat' dir='ltr'>pp.</span> <span class='ocrx_word' id='word_1_249' title='bbox 375 4522 414 4583; x_wconf 85' lang='lat'>48,</span> <span class='ocrx_word' id='word_1_250' title='bbox 430 4535 470 4586; x_wconf 84' lang='lat'>49,</span> <span class='ocrx_word' id='word_1_251' title='bbox 483 4520 512 4570; x_wconf 79' lang='lat' dir='ltr'>of</span> <span class='ocrx_word' id='word_1_252' title='bbox 519 4520 569 4568; x_wconf 80' lang='lat' dir='ltr'>this</span> <span class='ocrx_word' id='word_1_253' title='bbox 580 4518 685 4568; x_wconf 81' lang='lat' dir='ltr'>volume.</span> 
     </span>
    </p>
   </div>
   <div class='ocr_carea' id='block_1_12' title="bbox 258 4607 1205 4670">
    <p class='ocr_par' dir='ltr' id='par_1_13' title="bbox 258 4607 1205 4670">
     <span class='ocr_line' id='line_1_34' title="bbox 258 4607 1205 4670; baseline 0.003 -5"><span class='ocrx_word' id='word_1_254' title='bbox 258 4624 331 4670; x_wconf 82' lang='lat' dir='ltr'>von.</span> <span class='ocrx_word' id='word_1_255' title='bbox 351 4625 384 4668; x_wconf 88' lang='lat'>11.</span> <span class='ocrx_word' id='word_1_256' title='bbox 1163 4607 1205 4668; x_wconf 85' lang='grc'>31</span> 
     </span>
    </p>
   </div>
   <div class='ocr_carea' id='block_1_13' title="bbox 0 0 1640 5116">
    <p class='ocr_par' dir='ltr' id='par_1_14' title="bbox 0 0 1640 5116">
     <span class='ocr_line' id='line_1_35' title="bbox 0 0 1640 5116; baseline 0 0"><span class='ocrx_word' id='word_1_257' title='bbox 0 0 1640 5116; x_wconf 95' lang='lat' dir='ltr'> </span> 
     </span>
    </p>
   </div>
  </div>
 </body>
</html>
