3276 5086
483 387 587 442 unus
610 387 862 440 marnnsavrn
888 387 998 440 nnus.
1246 373 1311 438 283

166 538 220 604 Vis
233 549 336 605 ααεσαι
349 562 409 606 stoa
429 542 535 606 tiroera
549 539 753 627 potestatem?
797 538 920 604 Boaoro
930 542 1002 624 fao,
1018 550 1046 605 σε
1058 539 1117 604 tao
1101 538 1179 604 otoo
1192 538 1313 605 Ιοιιόσνα
1352 561 1411 646 pinu.
1416 559 1456 644 ιον

157 663 195 707 σα
219 665 275 708 σαι
306 644 371 708 Dei
396 643 478 710 arira
499 643 639 709 minator
659 651 702 708 σεε
689 641 782 707 ttibi
804 643 850 706 od
873 641 988 708 ὂοααοι.
1048 642 1087 707 st
1109 653 1210 706 ααεσαι
1232 642 1313 707 malo
1356 654 1400 692 ⁰⁸·
1410 653 1449 692 lv

148 745 277 829 storria,
301 747 383 812 tirno.
441 747 516 812 Noa
534 748 614 811 σιιιία
635 747 699 810 aior
720 767 813 810 σαιιια
832 744 974 831 phidiam
988 755 1106 832 portat.
1150 746 1212 810 Dei
1233 747 1313 812 roim
1338 699 1463 832 ”3⁸33

157 849 298 913 αἱαὶεεσι·
312 859 363 930 σεε,
379 850 519 915 oiodoo'
505 872 540 914 ια
554 851 637 914 o'rom
658 849 688 914 σι’
709 871 763 935 qna
756 848 896 912 'arolam
918 850 993 934 αρὶε.
1039 849 1171 935 Ideoque
1192 849 1314 934 subjecti

158 959 256 1028 σεεοεσ,
288 973 349 1015 ooo
377 961 499 1016 εααεαια
520 961 652 1038 proptor
679 952 771 1028 iram,
802 951 857 1014 sod
883 960 912 1015 σε
933 961 1063 1037 proptor
1090 951 1313 1016 conscientiam.

158 1053 295 1138 Propter
315 1053 368 1120 lroo
390 1055 472 1118 araim
494 1063 522 1118 σε
543 1052 660 1118 tributo
675 1053 834 1138 proditis:
857 1055 993 1118 ministri
1010 1055 1091 1118 σαιίιι
1110 1055 1173 1118 Doi
1189 1063 1259 1119 εααε
1279 1055 1314 1118 io

159 1155 212 1219 loo
229 1155 330 1241 ι’ρενιιι
345 1155 517 1222 servientes.
563 1155 626 1220 Sed
648 1163 681 1220 et
704 1155 860 1220 Dominus
878 1156 975 1242 igitur
997 1165 1030 1221 et
1054 1156 1200 1244 Apostoli
1218 1177 1315 1220 unum

161 1255 266 1321 Deum
300 1257 429 1322 Patrem
462 1257 670 1322 lannuntiant
703 1279 776 1321 eum
805 1258 858 1342 qui
884 1258 1120 1345 legisdationem
1147 1257 1230 1336 feeit,
1261 1255 1314 1344 qui

160 1357 248 1422 misit
274 1359 451 1444 prophetas,
479 1358 532 1443 qui
558 1358 663 1422 omnia
685 1359 777 1424 feeit:
801 1367 835 1424 et
858 1368 984 1448 propter
1013 1360 1072 1424 hoo
1098 1359 1161 1424 ait:
1187 1359 1315 1423 Mittens
1328 1383 1476 1427 natarunt.

161 1461 309 1524 eaoroitos
322 1482 407 1525 soor:
431 1461 578 1548 quoniam
599 1459 827 1538 omnishomo,
850 1462 1020 1526 seeundum
1041 1463 1124 1549 quod
1143 1471 1192 1526 est
1209 1462 1313 1538 homo,

161 1562 282 1649 plasma
296 1563 393 1650 ipsius
406 1571 465 1641 est,
480 1563 554 1628 lieet
568 1563 690 1650 ignoret
705 1563 809 1628 Deum
823 1585 925 1628 suum.
970 1563 1124 1629 Omnibus
1135 1563 1219 1628 enim
1235 1563 1314 1649 ¹ipse

162 1673 199 1730 ut
217 1666 281 1731 sint
299 1675 437 1754 praestat,
454 1667 508 1754 qui
529 1667 618 1731 solem
639 1688 726 1732 soom
748 1668 828 1732 oriri
836 1668 923 1752 sarit
943 1689 1037 1754 sopor
1058 1667 1152 1732 αιαῖοε
1169 1675 1197 1733 σε
1219 1665 1313 1746 tonos,
1327 1688 1455 1730 neoto.

163 1777 191 1832 σε
197 1767 286 1854 pluit
297 1790 388 1854 aper
394 1769 494 1853 justos
508 1777 536 1833 σε
550 1767 632 1854 injus
633 1778 684 1834 t.os

227 1875 258 1936 9.
304 1870 349 1935 Et
368 1892 430 1935 non
451 1871 551 1936 solum
566 1893 623 1956 per
636 1893 674 1935 ea
689 1893 758 1958 quae
778 1870 929 1988 praedieta
942 1879 1026 1951 sunt,
1041 1871 1097 1937 sed
1110 1879 1143 1937 et
1157 1894 1212 1960 per
1225 1886 1377 1982 para-Lusa
1387 1897 1422 1926 xv
1434 1889 1453 1927 ¹¹

161 1972 265 2038 bolam
285 1973 414 2038 duorum
437 1973 581 2052 filiorum,
600 1996 731 2058 quorum
753 1974 853 2039 minor
874 1973 1030 2040 luxuriose
1050 1975 1222 2040 consumsit
1242 1943 1361 2040 sub-⁸eq

161 2075 320 2155 stantiam,
337 2075 441 2142 vivens
456 2099 526 2142 oum
541 2076 723 2154 fornicariis,
738 2099 835 2141 unum
849 2085 882 2142 et
896 2079 1030 2142 eundem
1047 2077 1153 2144 docuit
1174 2077 1313 2158 Patrem,

161 2179 272 2265 majori
284 2179 410 2265 quidem
424 2179 487 2244 filio
501 2201 542 2244 ne
556 2177 682 2244 badum
697 2179 822 2266 quidem
843 2179 1077 2267 indulgentem
1103 2191 1229 2268 propter
1243 2203 1315 2247 eum

160 2289 267 2348 autem
289 2282 341 2368 qui
359 2283 504 2370 perierat,
527 2281 679 2346 minorem
699 2281 798 2345 filium
818 2303 920 2361 suum,
938 2283 1101 2369 jubentem
1123 2284 1222 2349 ooeidi
1236 2283 1316 2348 vitu·

161 2383 227 2448 lum
247 2383 436 2472 saginatum,
451 2391 485 2448 et
504 2382 636 2470 primam
651 2382 680 2447 ei
695 2382 808 2447 stolam
828 2383 1006 2448 donantem.
1054 2383 1099 2448 Et
1117 2406 1173 2470 per
1187 2386 1317 2470 parabo·

190 2524 311 2598 ...διᾶ
335 2533 394 2608 τῆς
417 2527 618 2624 παραβολῆς
644 2530 712 2597 τῶν
740 2523 892 2624 ἕργότων
916 2525 1092 2626 διαφόροις
1122 2538 1246 2627 καιροῖς
1274 2531 1364 2637 εἷςθαι
1331 2541 1455 2582 ΗΜΛ

164 2669 227 2710 πον
256 2637 437 2722 ἀμπελῶνα
463 2637 741 2734 πεμψαμένων,’
747 2637 800 2714 οὓς
822 2638 875 2708 καὶ
901 2637 999 2716 αὖα-ὂς
1028 2641 1046 2710 ὁ
1079 2598 1364 2724 or'rcorlarrrrirrroneq
1329 2669 1446 2756 ἕρὲῃωιρ

166 2747 336 2834 δείκνυται,
366 2747 524 2832 κεκληκὼς
551 2781 629 2827 τους
653 2747 713 2833 μὲν
734 2751 768 2820 ἐν
791 2751 880 2850 ἀρχῆ
898 2758 957 2834 τῆς
978 2755 1042 2824 ποῦ
1061 2751 1190 2891 κόσμον
1214 2784 1317 2824 κατα·
1329 2763 1470 2804 'mm

166 2870 288 2947 σκευῆς,
320 2862 419 2939 ε’νῖονς
443 2859 478 2932 ‹li
498 2859 585 2946 μετὰ
616 2867 730 2946 τοῦτο,
761 2861 815 2933 καὶ
845 2863 975 2962 ἔπε’ροιις
1007 2895 1094 2948 μιπα
1126 2895 1186 2948 την
1216 2895 1318 2949 μεσο-

165 2975 314 3074 χρονῖαν,
333 2973 456 3052 ἅλλους
474 2971 509 3044 δὲ
529 2973 794 3073 προκοπτόντων
812 2973 869 3059 ἤδη
886 2979 1013 3076 καιρῶν,
1037 2975 1091 3047 καὶ
1111 2977 1144 3047 ἕν
1161 2977 1210 3067 roi
1227 2978 1316 3050 πόλει

165 3085 272 3158 πόλιν
298 3085 432 3164 ἄλλους·
459 3085 550 3159 ὥστε
577 3085 655 3157 εἶναι
689 3087 837 3164 πολλοὺς
863 3085 923 3171 μὲν
953 3088 1031 3165 τοὺς
1055 3087 1205 3188 ἕργόπας
1230 3088 1318 3162 κατὰ

164 3197 228 3277 πᾶς
259 3201 380 3270 ἑαυτῶν
406 3197 527 3291 γενεὰς,
555 3200 610 3270 ἕνα
645 3197 680 3269 ‹li
707 3197 768 3271 τὸν
796 3201 1063 3291 αυγκαλοῦμενον
1091 3200 1207 3278 αὐτοὺς
1232 3203 1319 3274 οἶκο-

166 3311 345 3395 δεσπότην.
404 3311 475 3382 Καὶ
510 3309 579 3411 γὰρ
609 3311 766 3396 ἆμπελιόν
792 3309 843 3396 εἷς,
871 3311 925 3384 ὅτι
954 3311 1008 3384 καὶ
1036 3313 1095 3397 pio
1125 3311 1317 3396 δικαιοσύνη·

165 3425 222 3498 καὶ
243 3423 286 3502 εἷς
303 3423 483 3508 οἰκονόμος,
503 3424 540 3494 ἓν
563 3422 632 3522 γὰρ
655 3422 698 3496 τὸ
724 3421 859 3509 Πνεῦμα
879 3429 943 3494 τοῦ
968 3425 1055 3496 θεοῦ
1072 3424 1115 3496 τὸ
1136 3423 1248 3497 διέπον
1274 3423 1319 3497 τὰ

167 3535 291 3610 πάντα·
331 3537 449 3620 ὁμοίως
482 3535 517 3607 ‹li
552 3536 607 3608 rol
645 3537 794 3620 3μισθός·
837 3533 958 3614 πάντες
992 3535 1060 3635 γὰρ
1092 3537 1221 3625 ἔλαβον
1259 3535 1320 3608 ἆνὰ

167 3677 232 3740 lam
253 3682 357 3738 autem
378 3696 485 3739 eorum
506 3672 725 3760 operariorum,
747 3671 800 3759 qui
823 3673 915 3739 variis
936 3673 1129 3760 temporibus
1148 3674 1181 3737 in
1200 3674 1321 3739 mnsam

168 3775 382 3854 mittebantur,
397 3797 477 3841 unua
491 3785 524 3841 et
537 3776 620 3841 idem
642 3775 799 3842 Dominus
813 3776 1004 3840 ostenditur:
1024 3797 1139 3842 vocans
1156 3775 1234 3840 alios
1254 3777 1321 3862 qui-

170 3879 243 3944 dam
260 3877 368 3942 statim
382 3876 415 3940 in
434 3877 524 3942 initio
538 3879 646 3944 mundi
664 3879 893 3954 fabricationis3
918 3879 996 3946 alios
1010 3901 1082 3944 varo
1101 3887 1173 3965 post
1187 3877 1265 3954 hoe;
1289 3887 1322 3944 et

170 3981 250 4047 alios
270 3981 353 4045 eirea
366 3979 564 4045 medietatem
578 3989 769 4066 temporumr
793 3989 827 4046 et
845 3981 924 4047 alios
938 3981 1108 4069 progressis
1118 3983 1186 4068 jam
1203 3989 1322 4067 tempo·

171 4083 276 4158 ribus;
300 4081 376 4145 item
387 4079 464 4145 alios
483 4081 516 4144 in
530 4082 610 4146 fine:
636 4091 671 4146 ut
685 4083 748 4148 sint
763 4083 887 4169 quidem
902 4083 991 4148 multi
1006 4083 1137 4170 operarii
1153 4083 1323 4148 monadum

171 4207 228 4250 sua
242 4184 379 4270 ipsorum
398 4189 549 4268 tempora,
564 4205 644 4249 unus
659 4192 763 4248 autem
779 4185 832 4272 qui
847 4193 997 4250 convocat
1011 4207 1075 4262 eos,
1091 4185 1323 4272 paterfamilias.

173 4287 300 4352 Etenim
314 4283 406 4352 vinea
422 4306 496 4364 una,
509 4285 657 4370 quoniam
676 4293 709 4350 et
724 4309 786 4351 una
796 4286 938 4373 justitia:
962 4295 995 4352 et
1009 4309 1089 4353 unns
1109 4289 1322 4375 dispensator3

172 4409 251 4452 unus
273 4386 356 4452 enim
378 4385 513 4474 Spiritus
535 4387 607 4466 Dei,
630 4387 683 4472 qui
705 4387 841 4474 disponit
858 4389 979 4454 omnia:
1003 4389 1146 4456 similiter
1166 4398 1272 4456 autem
1293 4397 1326 4452 ot

220 4525 230 4556 ¹
247 4527 298 4574 Aa.
312 4525 501 4586 αιιαιιιιειαῖιααε,
515 4525 564 4574 and
576 4526 621 4574 has
632 4525 690 4588 ipre.
776 4526 825 4574 and
837 4527 879 4575 the
890 4543 960 4576 sensa
971 4527 1079 4590 requires
1091 4529 1118 4576 it.

223 4604 234 4636 ²
249 4606 301 4656 The
313 4608 448 4656 translator
458 4607 516 4656 read
528 4609 560 4656 εἷς
572 4609 611 4656 καὶ
621 4607 634 4654 ὁ
645 4604 723 4666 αιἰτόι,
827 4605 837 4638 ⁸
854 4607 869 4655 l.
890 4609 922 4657 ris
938 4609 951 4656 ὁ
967 4609 1058 4666 μισθός.
1087 4607 1125 4656 Cf.
1139 4607 1191 4657 Int.

1113 4681 1227 4742 lis-2
