3270 5080
409 465 457 517 nr
483 465 533 517 nn
558 465 664 518 novo
690 465 857 519 sennenn
879 465 1122 520 rnornnnrm.
1276 453 1342 517 269

189 623 257 682 tum
278 617 338 684 Dei
358 620 441 706 quod
464 619 637 707 acquisivit,
659 629 695 688 ut
709 621 840 688 virtutes
854 621 922 708 ejus
936 628 1135 697 aucmentum
1158 620 1214 685 sed
1229 641 1292 685 non
1306 623 1343 683 ut
1378 641 1481 728 cipp.

189 728 439 814 blasphemarent
453 753 535 810 eum,
551 731 604 817 qui
617 732 686 796 haec
700 733 774 798 fecit
790 732 889 798 Deus.
1386 718 1479 822 ‘iffi-,ll-

256 833 286 898 6.
318 833 363 900 Et
381 833 499 919 reliqua
513 835 617 899 omnia
631 857 823 923 quaecunque
841 858 897 921 per
909 843 1031 902 tantam
1045 835 1157 902 seriem
1174 833 1343 919 Scripturas
1367 828 1493 915 ξξξῗῑῆἷ·

189 932 468 1000 demonstravimus
489 937 656 1022 prophetas
676 937 804 1017 dixisse,
826 938 975 1024 spiritalis
997 959 1068 1004 vere
1091 938 1144 1025 qui
1166 945 1226 1015 est,
1248 937 1342 1002 inter-
1355 960 1506 972 --·

189 1037 370 1120 pretabitur,
391 1039 631 1123 unumquodque
650 1060 757 1104 eorum
772 1062 841 1126 quae
855 1040 940 1106 dieta
956 1050 1040 1119 sunt,
1059 1041 1093 1104 in
1112 1061 1204 1127 quem
1224 1039 1343 1104 dictum

189 1138 231 1202 sit
252 1139 463 1203 characterem
485 1139 695 1225 dispositionis
717 1141 855 1220 Domini,
878 1150 911 1207 et
932 1142 1088 1230 integrum
1110 1161 1221 1226 corpus
1242 1140 1344 1226 operis

191 1239 265 1305 Filii
289 1241 361 1320 Dei,
387 1243 565 1321 ostendens,
590 1264 714 1330 semper
738 1245 871 1310 eundem
897 1245 1001 1310 Deum
1026 1245 1136 1322 aciens,
1164 1251 1197 1308 et
1220 1263 1344 1328 semper

191 1347 339 1411 ¹eundern
351 1345 492 1412 Verbum
504 1345 566 1410 Dei
582 1367 783 1433 cognoscens,
794 1347 918 1414 etiamsi
934 1371 1016 1414 nunc
1027 1347 1116 1413 nobis
1126 1346 1344 1412 manifestatus

189 1455 257 1522 cst;
280 1455 313 1514 et
327 1470 449 1535 semper
458 1449 592 1513 eundem
608 1449 760 1536 Spiritum
772 1449 833 1514 Dei
844 1471 1046 1538 cognoscens,
1060 1449 1184 1514 etiamsi
1198 1449 1232 1512 in
1242 1448 1342 1513 novis·

190 1551 278 1616 simis
296 1551 502 1637 ¹tempcribus
523 1573 602 1617 nove
621 1553 737 1616 effirsus
756 1560 805 1617 est
823 1552 856 1616 in
871 1574 938 1628 nos,
959 1561 992 1618 et
1006 1551 1215 1618 reconditione
1235 1549 1343 1614 mundi

190 1675 288 1740 usque
307 1655 347 1718 ad
368 1655 462 1720 finem
481 1655 515 1720 in
535 1656 638 1740 ipsum
661 1655 832 1720 humanum
854 1677 971 1742 genus:
996 1677 1037 1720 ex
1058 1676 1119 1740 quo
1139 1653 1191 1740 qui
1214 1652 1344 1718 eredunt

191 1755 272 1835 Deo,
295 1765 328 1822 et
346 1767 517 1844 sequuntur
537 1759 666 1823 verbum
687 1759 765 1844 ejus,
787 1759 962 1845 percipiunt
985 1779 1056 1823 earn
1076 1777 1147 1841 quae
1166 1763 1215 1821 est
1242 1756 1283 1821 ab
1304 1776 1343 1820 eo

189 1858 332 1924 salutem.
386 1859 447 1940 Qui
470 1881 542 1925 vero
564 1859 737 1925 abscedunt
758 1861 800 1925 ab
825 1881 873 1939 eo,
900 1868 933 1926 et
958 1867 1161 1926 contemnunt
1186 1866 1343 1944 praecepta

189 1964 266 2048 ejus,
285 1969 318 2028 et
337 1985 393 2049 per
412 1985 506 2050 opera
526 1985 585 2029 sua
605 1964 792 2029 inhonorant
812 1986 884 2028 eum
904 1965 956 2051 qui
976 1985 1012 2030 se
1030 1964 1115 2042 fecit,
1140 1971 1173 2028 et
1186 1963 1343 2028 sententia

188 2087 246 2130 sua
261 2065 477 2152 blasphemant
491 2087 563 2130 eum
578 2065 629 2152 qui
643 2087 678 2130 se
691 2066 758 2142 siit,
770 2066 978 2152 justissimum
992 2067 1140 2130 adversus
1154 2087 1188 2131 se
1203 2070 1342 2131 8concer·
1355 2108 1469 2148 ,mm

189 2177 263 2233 vant
278 2169 441 2255 judicium.
489 2168 554 2233 Hic
574 2169 670 2255 igitur
688 2168 846 2233 examinat
865 2189 985 2246 omnes,
1009 2169 1075 2256 ipse
1089 2189 1163 2233 vero
1180 2190 1201 2233 a
1219 2169 1343 2234 nemine
1357 2155 1454 2195 ’Μ’
1465 2155 1494 2194 ¹⁵·

189 2272 401 2348 examinatum
434 2293 534 2359 neque
561 2272 690 2337 Patrem
712 2293 803 2336 suum
830 2271 1059 2356 blasphemans,
1086 2292 1186 2356 neque
1213 2271 1344 2358 disposi-

190 2376 290 2441 tiones
315 2377 384 2462 ejus
408 2375 570 2452 frustrans,
600 2395 700 2458 neque
728 2381 832 2457 patres
856 2393 1017 2450 accusans,
1048 2395 1148 2458 neque
1177 2374 1346 2458 prophetas

189 2479 396 2555 exhonorans,
416 2485 471 2541 aut
485 2477 526 2542 ab
540 2475 602 2540 alio
617 2475 687 2540 Deo
702 2474 886 2553 dissuesce,
904 2483 961 2539 aut
974 2474 1088 2541 itemm
1102 2497 1143 2539 ex
1160 2474 1222 2540 alia
1237 2483 1270 2540 et
1283 2474 1346 2540 elia

189 2580 365 2645 substantia
388 2579 485 2644 luisse
510 2577 700 2664 prophetias.
756 2577 906 2644 Dicemus
928 2585 1035 2642 autem
1062 2578 1211 2643 adversus
1237 2599 1346 2643 omnes

189 2682 363 2760 haereticos,
382 2689 414 2746 et
434 2681 672 2766 primoquidem
687 2680 834 2744 adversus
848 2701 903 2744 eos
917 2679 971 2765 qui
990 2688 1064 2745 sunt
1078 2702 1100 2744 a
1117 2681 1291 2760 Marcione,
1312 2689 1345 2746 et

189 2783 337 2848 adversus
359 2803 413 2848 eos
436 2783 489 2869 qui
514 2791 588 2847 sunt
610 2782 727 2848 similes
748 2782 819 2862 illis,
845 2784 886 2848 ab
906 2782 1005 2848 altero
1026 2783 1096 2849 Deo
1116 2784 1255 2849 dicentes
1275 2805 1344 2850 esse

189 2887 366 2972 prophetas,
389 2885 483 2973 legite
498 2885 677 2972 diligentius
692 2886 724 2950 id
738 2885 821 2973 quod
834 2887 875 2951 ab
889 2885 1051 2970 Apostolis
1071 2894 1121 2951 est
1136 2887 1344 2974 Evangelium

190 2989 280 3053 nobis
299 2989 418 3066 datum,
439 2997 472 3054 et
489 2988 584 3076 legite
598 2989 777 3076 diligentins
790 2989 967 3076 prophetas,
992 2997 1025 3054 et
1044 2990 1206 3056 invenietis
1223 2991 1343 3055 univer-

188 3111 256 3156 sam
271 3089 436 3170 actionem,
452 3101 484 3156 et
498 3111 623 3157 omnem
638 3091 822 3170 doctrinan,
839 3098 871 3156 et
885 3111 1008 3157 omnem
1024 3091 1201 3178 passionem
1214 3091 1342 3158 Domini

189 3193 287 3258 nostri
302 3193 520 3280 ⁸praedicatam
535 3193 567 3258 in
582 3192 668 3280 ipsis.

655 3433 756 3499 GAP.
780 3431 873 3500 LVI.

190 3567 377 3646 Adversus
394 3569 532 3671 eosqui
548 3569 685 3664 dicent,
709 3570 801 3670 quid
817 3571 902 3646 novi
917 3571 1061 3647 veniens
1077 3571 1200 3646 attolit
1217 3571 1344 3648 otme-

266 3691 356 3760 tus?
382 3700 423 3772 d,
441 3686 616 3787 quoniam
633 3687 759 3762 omnio
780 3713 858 3786 quc
872 3687 1062 3787 prophete
1076 3687 1342 3786 prodicerent,

269 3801 434 3878 Otreres
450 3803 676 3903 adimpheoit.

192 4181 291 4239 tatem
313 4173 420 4238 attulit
439 4173 641 4260 semetipsum
658 4173 800 4253 afferens,
821 4174 874 4260 qui
893 4174 995 4239 luerat
1013 4171 1227 4238 annuntiatus.
1273 4171 1346 4239 Hoc

241 4360 251 4394 ¹
265 4361 665 4413 eandernomittedinthecnrarr.
675 4361 742 4424 MS,
842 4361 854 4395 ⁸
870 4363 1056 4426 Mssaquotes
1062 4361 1108 4409 the
1114 4359 1158 4409 Gn.
1168 4359 1342 4422 MS.inerror,

193 4442 302 4506 possibly
318 4457 350 4491 on
366 4447 473 4492 account
484 4443 514 4492 oi
527 4444 571 4493 the
587 4443 743 4492 catachresis.
793 4461 821 4494 as
832 4445 928 4508 having
941 4444 981 4492 bis
996 4443 1100 4506 reading
1111 4441 1275 4505 prudictomr
1291 4443 1312 4491 it
1325 4444 1346 4492 is

192 4523 246 4572 'l'lre
268 4523 350 4572 Greek
372 4525 479 4573 concord
495 4525 571 4589 being
586 4524 701 4574 followed
717 4539 745 4574 ae
793 4527 886 4591 clearly
904 4527 1006 4575 written
1024 4524 1195 4587 medantam,
1215 4523 1265 4573 and
1282 4539 1346 4572 com·

194 4605 274 4654 usual.
303 4605 584 4656 nemorosorum
592 4605 744 4670 teraporibru.
794 4619 853 4667 pare
867 4599 1176 4666 mmmmm
1190 4601 1345 4662 Anagrces.

244 4685 256 4718 ⁸
271 4686 322 4736 An.
335 4689 481 4738 meam.
843 4685 853 4716 ⁴
871 4685 934 4746 aovi,
947 4687 1015 4746 AB.;
1027 4685 1070 4734 the
1081 4687 1184 4732 context
1195 4682 1304 4744 requires
1315 4682 1346 4730 it,
