3270 5080
303 401 370 472 270
671 418 797 472 curua
823 419 1088 474 ssuovuurua

160 593 213 679 app.
223 593 263 678 1ιν.
301 573 384 637 enim
405 573 506 658 ipsum
529 571 767 658 predicabatur,
791 571 938 658 quoniam
956 573 1080 638 novitas
1098 572 1202 638 veniet
1220 572 1406 638 innovatum
1425 580 1462 638 et

164 687 256 772 ‘ffl-
300 673 490 739 vivificatura
512 674 680 740 hominem.
725 675 824 762 Regis
844 675 929 740 enim
949 676 1101 740 adventus
1122 677 1163 740 ab
1184 675 1234 742 his
1255 675 1383 760 quidem
1403 674 1461 762 qui

150 761 274 866 lssffll·
301 776 468 842 mittuntur
482 777 579 842 servis
594 777 830 862 praenuntiatur,
845 785 971 864 propter
984 785 1169 864 apparatum
1180 786 1213 844 et
1227 778 1461 864 expeditionem

137 905 286 916 --
300 899 407 943 eorum
422 879 475 966 qui
490 879 661 966 inciperent
675 880 832 966 suscipere
845 902 937 945 suum
950 879 1131 946 Dominum.
1161 882 1241 948 Oum
1255 889 1362 946 autem
1372 881 1461 946 venit

301 981 382 1062 Rex,
404 991 437 1048 et
458 981 501 1046 illi
521 983 728 1068 praenuntiato
743 984 857 1071 gaudio
878 983 1038 1070 adimpleti
1056 994 1130 1050 sunt
1145 985 1198 1072 qui
1218 992 1292 1050 sunt
1312 984 1459 1070 subjecti,

299 1095 332 1150 et
346 1095 549 1172 perceperunt
563 1109 634 1150 eam
649 1107 718 1171 quae
733 1095 782 1152 eet
801 1087 841 1152 ab
856 1109 893 1152 eo
908 1087 1094 1166 libertatem,
1115 1097 1148 1152 et
1163 1087 1350 1173 participant
1363 1087 1459 1152 visio·

299 1209 372 1253 nem
386 1190 466 1274 ejus,
476 1196 509 1253 et
522 1189 688 1254 audierunt
702 1211 861 1254 sermones
876 1191 953 1275 ejus,
969 1199 1002 1256 et
1017 1191 1119 1256 ¹lruiti
1134 1199 1208 1256 sunt
1222 1191 1402 1256 muneribus
1415 1191 1459 1254 ab

299 1311 348 1368 eo,
370 1311 433 1356 non
451 1293 519 1379 jam
543 1291 726 1376 requiretur,
748 1291 842 1378 'quid
860 1293 970 1358 novius
991 1293 1098 1358 attulit
1120 1294 1191 1358 Rex
1212 1313 1305 1381 super
1326 1315 1381 1360 ecs
1403 1292 1459 1380 qui

299 1393 562 1460 annuntiaverunt
586 1394 753 1458 adventum
778 1395 856 1479 ejus,
886 1394 970 1479 apud
998 1415 1053 1460 eos
1077 1395 1220 1461 videlicet
1248 1395 1301 1482 qui
1331 1417 1459 1460 sensum

299 1494 427 1562 habent.
472 1495 681 1581 Semetipsum
695 1496 779 1561 enim
793 1495 909 1574 attulit,
927 1506 960 1562 et
974 1517 1013 1562 ea
1027 1519 1097 1584 quae
1111 1497 1263 1584 praedicta
1276 1507 1350 1563 sunt
1364 1499 1459 1578 bona,

139 1616 201 1655 rra.
210 1615 224 1654 r·
235 1615 262 1652 12-
300 1597 417 1682 inques
432 1599 694 1684 concupiscebant
706 1597 808 1684 angeli
822 1597 993 1678 intendere,
1005 1600 1132 1666 donavit
1144 1601 1332 1666 hominibus.
1366 1601 1460 1666 Tunc

299 1708 406 1766 autem
428 1701 561 1768 fuissent
583 1700 663 1766 servi
685 1700 860 1778 mendaces,
886 1709 917 1765 et
939 1723 1003 1766 non
1023 1723 1044 1766 a
1065 1701 1202 1768 Domino
1224 1703 1321 1781 missi,
1345 1701 1459 1768 sinon

301 1803 444 1870 Christus
458 1803 624 1870 adveniens
634 1802 716 1880 talia,
732 1803 832 1888 qualis
843 1811 875 1868 et
887 1804 1123 1889 praedicabatur,
1138 1805 1339 1894 adimplesset
1349 1825 1458 1870 eorum

135 1925 264 2010 parv-17.
299 1927 469 1973 sermones.
513 1907 709 1992 Quapropter
728 1905 868 1970 dicebat:
892 1907 944 1971 Nc
957 1909 1083 1993 putatia,
1103 1909 1246 1994 pumicare
1265 1909 1335 1972 coci
1353 1907 1459 1973 dtoot

160 1999 165 2009 ⁸
299 2033 369 2076 aera
394 2011 505 2096 Lapara
532 2019 588 2074 cat
607 2009 792 2095 prophatae:
823 2030 882 2073 aaa
908 2010 977 2074 certi
1002 2009 1172 2089 da’aaoloora,
1197 2011 1253 2076 aed
1275 2010 1458 2096 adimplere.

298 2115 400 2178 Amen
414 2114 494 2178 caim
508 2112 577 2176 dico
591 2110 679 2188 aas,
695 2111 993 2196 dampnaremur
1007 2112 1114 2176 celum
1128 2123 1156 2179 ot
1170 2123 1266 2192 terra,
1284 2114 1348 2178 tora
1362 2134 1459 2178 cama

297 2227 355 2282 cat
372 2239 450 2282 caua
464 2239 543 2304 apoc
557 2239 616 2282 raca
630 2215 759 2280 mandat
772 2235 793 2278 a
808 2214 889 2299 copo
903 2217 950 2278 'lot
962 2215 1127 2302 propterte,
1149 2218 1341 2304 quoadusquo
1354 2217 1458 2282 omnia

289 2321 384 2403 fluat.
430 2319 545 2385 Omnia
566 2319 651 2384 anim
673 2317 739 2403 ipse
758 2315 938 2402 adimplevit
959 2317 1096 2397 veniens,
1118 2327 1152 2384 et
1172 2319 1274 2384 adhuc
1296 2318 1405 2405 implet
1422 2318 1458 2382 in

299 2423 442 2488 Ecclesia
465 2444 564 2508 usque
587 2421 628 2486 ad
651 2419 951 2485 consummationem
973 2441 994 2484 a
1018 2419 1105 2506 Lege
1130 2421 1314 2507 praedictum
1341 2443 1457 2486 novum

298 2526 547 2594 rllestamentum.
593 2523 862 2607 Quemadmodum
884 2531 917 2588 et
938 2521 1057 2588 Paulus
1078 2523 1252 2608 Apostolus
1273 2524 1342 2608 ejus
1358 2523 1406 2588 ait
1424 2523 1458 2586 in

133 2652 194 2691 som.
204 2651 233 2690 m
242 2653 273 2692 n.
297 2649 335 2694 ea
349 2651 419 2716 quae
437 2636 486 2694 est
500 2629 541 2692 ad
556 2628 734 2692 Romanos:
758 2631 850 2692 Ntmo
862 2635 964 2690 aotam
978 2626 1043 2690 eice
1055 2625 1134 2711 Lcyo
1140 2626 1268 2710 justitia
1279 2625 1343 2690 Dei
1356 2627 1457 2690 moui-

133 2733 410 2834 pppnpexsctarc
437 2740 488 2808 eet,
511 2730 668 2812 tastiflmta
689 2751 711 2792 o
735 2727 815 2813 Lepc
836 2736 865 2792 et
884 2725 1061 2813 prophetale:
1091 2727 1201 2792 Justua
1224 2727 1306 2791 raim
1328 2747 1365 2791 aa
1388 2726 1458 2807 fide

154 2807 216 2834 Μ
298 2836 405 2900 ⁴oioct.
451 2833 524 2898 Hoc
539 2840 656 2910 autem,
672 2830 818 2916 quoniam
833 2831 939 2916 justus
959 2852 1000 2896 ex
1021 2830 1082 2895 lide
1101 2829 1194 2909 vivet,
1210 2851 1265 2917 per
1285 2830 1456 2916 prophetas

296 2937 479 3026 praedictum
494 2937 604 3000 luerat.

362 3043 394 3104 2.
432 3037 528 3104 Unde
541 3045 648 3104 autem
662 3043 807 3124 poterant
821 3037 990 3124 praedicere
1004 3037 1165 3124 prophatae
1179 3038 1263 3126 regis
1273 3038 1455 3118 adventum,

295 3149 329 3206 et
348 3163 418 3206 eam
438 3141 614 3205 libertatem
632 3160 702 3226 quae
722 3140 763 3204 ab
783 3161 821 3205 eo
841 3139 974 3204 dabatur
993 3140 1279 3226 praevangelisare,
1302 3147 1335 3206 et
1349 3142 1457 3207 omnia

296 3265 366 3329 quae
380 3265 401 3308 a
416 3242 540 3308 Ohristo
555 3243 736 3322 factasunt,
753 3251 786 3309 et
799 3248 991 3308 lsermonem
1010 3249 1043 3308 et
1063 3241 1276 3328 operationem
1290 3251 1323 3307 et
1336 3242 1457 3328 passio·

295 3368 367 3412 nem
386 3347 455 3432 ejus
477 3349 696 3431 praenuntiare,
718 3355 751 3412 et
772 3367 887 3412 novum
906 3345 1142 3410 Testamentum
1163 3344 1341 3430 praedicere,
1364 3345 1391 3410 si
1414 3347 1456 3412 ab

295 3447 393 3512 altero
413 3447 483 3511 Deo
502 3447 715 3533 propheticam
734 3447 968 3534 inspirationem
988 3453 1185 3531 acceperunt,
1208 3445 1389 3533 ignorantes
1408 3448 1456 3512 in-

295 3549 499 3615 enarrabilem
522 3549 651 3616 Patrem
673 3552 843 3617 secundum
865 3569 930 3628 vos,
953 3556 985 3614 et
1006 3569 1138 3634 regnum
1160 3549 1240 3635 ejus,
1267 3558 1301 3614 et
1324 3549 1455 3634 disposi-

294 3651 397 3718 tiones
410 3653 489 3738 ejus,
505 3675 583 3740 quas
598 3653 698 3718 Filius
713 3653 775 3720 Dei
796 3653 846 3716 ⁶iu
860 3649 1026 3716 novissimo
1041 3649 1161 3714 dierum
1175 3650 1302 3714 veniens
1317 3649 1457 3717 interris

294 3754 444 3842 implevit.
491 3755 602 3842 Neque
614 3757 697 3820 enim
713 3777 787 3821 casu
802 3754 937 3840 quodam
948 3752 1017 3818 hoec
1031 3752 1172 3818 evenisse
1191 3753 1326 3838 potestis
1340 3753 1454 3834 dicere,

343 3911 354 3942 ¹
371 3912 424 3960 Aa.
432 3910 544 3976 fruitura*
554 3918 618 3961 mot.
899 3909 1014 3959 ludendo
1026 3909 1148 3971 videatur,
1166 3910 1207 3960 cal
1224 3910 1370 3960 musanen
1387 3911 1456 3960 dedit

345 3991 356 4024 ¹
372 3993 433 4056 quid
440 3993 533 4053 caedua,
545 3993 684 4052 Muno.11.;
696 3993 727 4043 cl.
740 4011 764 4041 τι
776 3993 850 4042 καινό-
897 3991 1034 4054 proeccdena
1044 4007 1141 4043 versam
1158 3993 1219 4041 Non
1231 3995 1289 4042 veni
1301 3993 1397 4042 solvere
1408 3992 1455 4041 Le-

294 4091 370 4136 τερον,
382 4073 446 4123 Acta
455 4074 514 4123 xvii.
529 4088 568 4122 nr.
593 4073 787 4136 Gaqur‘dmrci,
800 4073 849 4123 and
899 4073 1145 4138 gemetProphetaa
1157 4075 1199 4125 &c
1227 4075 1277 4126 Gn.

294 4155 381 4204 Maso.
407 4171 489 4216 coma,
511 4156 593 4204 which
612 4155 671 4204 dosa
687 4161 733 4204 not
750 4155 846 4220 satisly,
946 4153 1029 4216 ⁴012„
1044 4155 1090 4204 but
1101 4157 1163 4217 Aa„
1177 4155 1252 4218 Vra,
1266 4155 1348 4210 Voss.
1358 4155 1426 4207 vivit.

293 4232 391 4294 though
415 4233 495 4280 found
516 4233 543 4280 in
566 4233 609 4281 the
632 4233 687 4292 Gn,
713 4233 774 4293 AB„
797 4233 849 4281 aud
948 4233 1028 4288 ‘Aa
1042 4237 1334 4300 commmemoratione.

294 4311 375 4360 Voss.
401 4312 479 4362 Mss.
525 4312 662 4377 Evidently
683 4314 769 4364 motor
789 4330 848 4379 may
946 4318 1005 4368 lm
1026 4318 1154 4369 causamn
1176 4318 1280 4380 dmm,
1300 4320 1409 4368 inserted
1426 4321 1453 4370 iu

293 4393 357 4442 hara
373 4393 463 4456 passed
474 4393 528 4442 into
539 4395 618 4444 either
629 4395 686 4443 aovi
696 4411 725 4443 or
734 4409 818 4446 acuar.
896 4399 939 4446 tha
950 4397 1000 4446 Aa
1013 4397 1082 4458 Ms,
1095 4397 1177 4445 where
1190 4397 1234 4444 the
1247 4397 1298 4446 last
1312 4401 1363 4446 two
1378 4397 1452 4460 sylla·

342 4470 353 4504 ⁸
371 4471 406 4520 Et
420 4472 562 4536 Prophetis.
596 4475 645 4524 Har
657 4475 713 4524 duc
726 4491 789 4525 vaces
806 4476 848 4526 cix
896 4479 948 4528 bles
967 4478 1061 4542 having
1075 4477 1138 4527 been
1156 4476 1216 4526 read
1233 4493 1260 4526 aa
1278 4475 1343 4526 caira
1360 4478 1453 4526 caused

292 4553 321 4602 in
332 4553 382 4602 ullo
397 4555 439 4603 Gr.
452 4555 495 4603 En.
511 4555 581 4616 aad,
592 4560 673 4606 occia
686 4559 747 4617 ulla,
758 4567 847 4620 mter
895 4561 939 4608 the
956 4560 1005 4609 loss
1024 4561 1053 4608 ol
1069 4560 1112 4608 the
1130 4559 1169 4608 six
1191 4559 1282 4622 words,
1301 4573 1449 4609 maenam

292 4635 393 4684 Amet.
406 4649 465 4686 aera.
479 4635 597 4698 lepaatwr.
626 4637 700 4686 ouo.
709 4637 785 4700 tpuur
796 4640 846 4689 loco
894 4640 967 4690 mim.
