3270 5080
439 407 577 460 RERUM
604 407 762 460 OMNIUM
787 404 1008 459 GREATORIS.
1237 387 1304 451 213

152 560 211 625 et
202 571 268 646 ipse
283 567 331 625 ost
346 559 399 647 qui
414 561 685 678 persemetipsum
703 559 877 638 constituit,
898 566 931 624 et
946 557 1064 645 ’elegit
1085 565 1119 624 et
1132 554 1303 634 adornavit,
1341 572 1394 612 tro
1404 573 1443 612 ιν

1344 621 1415 658 xxxii.

153 671 187 728 et
201 663 340 728 eontinet
360 663 483 730 omnia:
508 663 540 726 in
556 662 700 728 omnibus
719 671 826 727 autem
842 661 894 726 'et
909 683 976 737 nos,
992 668 1025 725 et
1044 660 1128 725 huno
1143 659 1303 736 mnndum,
1344 665 1438 706 GRV·

153 765 206 852 qui
221 773 269 830 est
283 765 454 831 secundum
469 788 537 831 nos.
574 765 618 830 Et
634 787 691 830 nos
705 764 801 850 igitur
815 786 887 828 eum
900 763 950 827 his
967 785 1036 850 quae
1052 761 1251 826 eontinentur
1264 762 1305 824 ab
1329 721 1456 843 Μζξξῧν·

153 888 201 944 eo,
220 867 293 931 faeti
310 889 427 934 sumus.
474 866 519 931 Et
533 867 585 932 hio
604 875 652 931 est
668 867 706 930 de
728 887 789 952 quo
811 865 972 950 Scriptura
991 865 1055 937 ait;
1079 863 1124 928 Et
1140 863 1306 948 praemovit
1318 877 1466 950 W

153 970 241 1035 Deua
254 970 410 1048 honinem,
431 971 537 1035 limam
554 969 822 1054 terroeffoeoipiene,
839 977 867 1032 ei
886 968 1052 1050 insufflanit
1066 967 1101 1030 la
1112 967 1230 1050 faeiem
1245 965 1307 1049 ejas

143 1077 259 1156 flotam
273 1076 354 1138 elice.
401 1074 474 1139 Non
495 1096 569 1160 ergo
583 1073 686 1158 angeli
707 1074 847 1140 focerunt
870 1093 939 1148 nos,
962 1071 1034 1135 8ιιοο
1056 1091 1113 1134 nos
1137 1069 1306 1154 plasmave-

153 1186 236 1255 runt,
257 1199 315 1242 neo
335 1177 437 1264 angeli
459 1184 625 1262 potnerunt
647 1175 815 1262 imaginem
841 1175 942 1240 faeere
963 1173 1035 1248 Dei,
1055 1195 1112 1238 neo
1134 1173 1214 1238 alius
1237 1173 1306 1259 quis

152 1289 266 1365 praeter
282 1280 424 1345 Verbum
445 1279 583 1356 Domini,
604 1299 663 1342 nee
682 1279 780 1342 virtus
799 1277 891 1365 longe
910 1277 1064 1342 absistens
1081 1299 1101 1340 a
1121 1277 1218 1340 Patre
1238 1276 1306 1340 uni-

153 1404 321 1448 versorum.
368 1383 436 1447 Neo
457 1383 541 1448 enim
560 1382 719 1467 indigebat
741 1381 852 1445 horum
873 1381 960 1446 Deus
981 1380 1022 1444 ad
1039 1379 1215 1444 faciendum
1236 1400 1305 1464 quae

155 1486 222 1571 ipse
236 1486 319 1571 apud
330 1507 364 1550 se
378 1486 389 1516 ⁴
394 1486 581 1571 praefinierat
596 1485 673 1562 fieri,
687 1484 774 1569 quasi
789 1485 855 1569 ipse
866 1506 939 1552 suas
954 1506 1017 1548 non
1028 1484 1157 1548 haberet
1168 1483 1305 1546 ⁶manus.

156 1590 260 1655 Adest
280 1589 363 1654 enim
382 1590 411 1654 ei
432 1612 555 1676 semper
575 1589 715 1653 Verbum
733 1597 766 1654 et
789 1587 959 1672 Sapientia,
985 1586 1085 1651 Filius
1104 1594 1137 1652 et
1159 1585 1304 1672 Spiritus,

154 1715 210 1778 per
227 1715 314 1779 quos,
332 1702 365 1759 et
386 1693 418 1757 in
441 1693 552 1779 quibus
572 1693 676 1757 omnia
695 1692 790 1757 libere
810 1701 843 1757 et
862 1699 973 1778 sponte
995 1691 1078 1769 feeit,
1100 1691 1155 1755 “ad
1175 1711 1253 1777 quos
1273 1696 1306 1754 et

152 1795 297 1882 loquitur,
313 1797 437 1862 dicens:
460 1797 630 1861 Foeiamrar
643 1795 789 1860 homiaem
803 1797 849 1860 od
856 1796 1018 1881 imaginem
1033 1803 1061 1858 et
1073 1792 1306 1858 similitudieem
1318 1804 1431 1845 Gemi-⁹⁶·

151 1909 301 1974 matram
326 1900 391 1985 ipse
405 1922 425 1964 a
439 1897 606 1983 semetipso
620 1898 828 1965 substantiam
842 1907 1064 1973 creaturarum,
1084 1905 1116 1961 et
1130 1893 1307 1981 exemplum

151 1999 314 2081 factorum,
330 2011 363 2068 et
376 2003 509 2088 figuram
524 2001 557 2065 in
571 2000 687 2066 mundo
701 2009 954 2068 ornamentorum
968 1999 1133 2086 arripiens.

240 2167 271 2214 2.
324 2143 521 2222 Καλῶς
484 2177 538 2216 ουν
570 2144 657 2215 ειπεν
688 2147 726 2226 Ίῆ
762 2145 933 2284 ’γεραφῆι
918 2177 935 2226 η
969 2145 1129 2236 λέγουσα·
1159 2141 1393 2254 ΠρῶτονΗωεΗ
1403 2161 1430 2200 Η
1441 2161 1464 2200 Η

71 2309 77 2320 ·
124 2307 130 2320 ι
153 2290 285 2330 παντων
307 2259 490 2333 πίστευσον
513 2289 568 2329 O'l'l
592 2289 635 2334 Εἰς·
660 2257 753 2328 eo't'lv
776 2289 794 2328 0
782 2254 950 2340 6609,
934 2287 952 2326 0
976 2254 1021 2327 Τὰ
1045 2251 1157 2326 πάντα
1182 2209 1461 2339 KT560323e2rdfh.t

220 2469 251 2531 2,
295 2467 382 2531 Bene
398 2465 510 2552 ⁸igitur
523 2464 734 2551 pronuntiavit
749 2463 902 2548 scriptura
917 2485 986 2547 quae
1001 2461 1094 2526 dicit:
1120 2459 1228 2523 Primo
1243 2479 1308 2522 om-

154 2571 240 2633 nium
263 2570 365 2648 erede,
390 2569 537 2658 quoniam
560 2589 641 2632 unus
664 2575 713 2632 est
737 2567 835 2644 Deus,
855 2565 908 2651 qui
930 2565 1035 2630 omnia
1057 2563 1251 2641 9constituit,
1276 2568 1309 2627 et

205 2731 215 2764 ¹
232 2733 299 2794 elegit
314 2734 335 2781 is
349 2732 475 2799 preferred
489 2732 523 2796 by
534 2731 665 2780 Massuru
680 2735 708 2782 to
757 2729 800 2781 the
811 2727 894 2780 factis
906 2727 971 2776 clear
983 2727 1040 2778 thre
1054 2726 1182 2778 Inmane
1197 2723 1309 2772 believed

156 2814 512 2877 Gnauu'sAnsaadingfeoit,
522 2813 619 2862 soritis
630 2811 708 2860 found
757 2811 800 2860 the
812 2809 912 2871 Father,
927 2809 986 2870 Son,
999 2808 1048 2857 aud
1064 2808 1135 2872 Holy
1146 2807 1223 2871 Spirit
1236 2810 1263 2856 to
1278 2805 1309 2854 bo

155 2898 341 2948 inthefimurit.
355 2895 589 2956 andV0s8.MSS.,
602 2893 707 2944 andhua
757 2891 894 2958 oonjointly
915 2891 959 2939 tho
985 2891 1088 2939 Creator
1110 2889 1138 2937 of
1159 2889 1191 2937 all
1213 2889 1307 2950 things.

155 2996 188 3028 au
200 2979 357 3045 appropriate
368 2979 471 3042 bearing
482 2993 550 3042 upon
561 2977 604 3025 the
615 2975 707 3023 Valen·
757 2973 882 3022 Porollelo
891 2979 947 3020 aurat
953 2972 1023 3021 verbo
1032 2969 1158 3033 Theophili
1165 2967 1310 3018 Antiochensi

155 3062 234 3110 tinian
246 3062 332 3110 notion
344 3061 401 3109 that
412 3060 455 3110 the
462 3059 598 3121 Demiurge
609 3056 706 3110 mooted
756 3055 798 3104 lib.
820 3067 849 3104 11.
871 3053 905 3103 od
927 3054 1073 3116 Autolycum
1090 3068 1150 3114 pop.
1173 3066 1225 3112 114.
1249 3050 1306 3102 edit.

154 3141 188 3192 all
209 3145 294 3206 things
315 3143 448 3206 according
470 3145 497 3194 to
519 3141 612 3192 oertain
634 3144 706 3206 typos
759 3136 833 3186 Omma.
860 3137 915 3187 Ἔτι
931 3138 978 3196 μὴν
995 3136 1035 3184 ral
1050 3135 1080 3184 dra
1093 3134 1205 3197 plantetur
1216 3134 1309 3200 χρῄζων

154 3224 281 3273 frunished
293 3229 321 3273 to
336 3225 387 3272 him
402 3224 467 3272 from
480 3223 566 3281 above,
585 3220 706 3288 although
757 3216 770 3265 i
787 3217 845 3266 θεὸς
863 3216 996 3278 εὑρίσκεται
1011 3216 1100 3275 λέγων·
1118 3213 1255 3272 ποιήσομεν
1271 3214 1309 3260 dv·

154 3305 343 3370 unoonsoiously
360 3309 387 3354 to
403 3304 507 3353 himself.
543 3302 585 3352 He
599 3302 703 3362 created,
757 3299 850 3361 θρωπον
872 3297 928 3347 rar’
950 3297 1028 3345 chroro
1050 3297 1090 3345 rol
1112 3294 1165 3344 καθ’
1189 3295 1306 3353 ὁμοίωσιν

153 3388 281 3448 therefore,
292 3387 477 3450 butaooording
487 3391 514 3435 to
525 3403 541 3434 a
551 3384 707 3450 predestined
755 3381 799 3427 οὐκ
810 3381 878 3439 ἄλλῳ
893 3379 919 3428 δέ
933 3396 979 3427 τινι
995 3380 1080 3442 strare,
1095 3378 1238 3436 ποιήσωμεν,
1253 3375 1309 3427 tii’

154 3469 213 3532 plan
224 3469 336 3533 imposed
346 3485 414 3534 upon
425 3469 486 3520 him.
756 3461 825 3522 viro
838 3463 925 3518 ,ἑαυτοῦ
939 3462 1006 3522 λόγῳ
1024 3461 1064 3512 rol
1079 3461 1113 3522 τῇ
1127 3459 1307 3519 {amalrada
1359 3487 1364 3494 ·

202 3549 214 3580 ¹
230 3558 251 3600 a
260 3566 311 3611 aar,
325 3551 387 3611 AB..
397 3550 503 3602 omitted
513 3551 541 3600 in
549 3549 603 3610 Oia,
613 3547 704 3608 Voss,
760 3543 810 3593 Ubi
818 3543 923 3608 per-lade
935 3550 962 3594 ut
976 3543 1093 3602 Irrnreuo,
1108 3541 1210 3601 Filiam,
1220 3541 1306 3603 Verbi,

156 3631 251 3692 Manu,
279 3633 326 3682 but
347 3634 390 3681 the
415 3633 500 3698 requei
526 3632 636 3699 requires
663 3631 706 3678 the
756 3625 877 3688 Spiritum
888 3625 923 3687 S,
937 3625 1072 3696 Sapientia
1081 3625 1179 3673 nomine
1189 3623 1305 3686 wiffam,

155 3708 243 3758 words.
755 3708 817 3756 aleret
831 3715 852 3757 ei
861 3708 939 3770 poulo
953 3715 1014 3766 aare,
1025 3721 1085 3768 pop.
1102 3703 1154 3764 106,
1168 3704 1308 3753 humionem

204 3788 215 3820 ⁸
232 3789 286 3849 Cia,
300 3790 381 3840 Voss.
393 3807 467 3856 ποοιιο
473 3791 511 3854 pl.
523 3805 573 3851 oros,
586 3805 667 3854 ireque
751 3787 818 3851 facil
829 3789 929 3850 τριάδος,
940 3789 984 3836 τοῦ
994 3788 1063 3846 θεοῦ,
1078 3788 1118 3835 rol
1129 3787 1172 3834 τοῦ
1182 3787 1258 3846 λόγου
1270 3787 1319 3833 or'r'

204 3869 448 3932 ⁴proefirrierot‚Aii.
459 3888 543 3936 agrees
552 3873 633 3922 better
644 3871 705 3924 with
757 3873 807 3932 τοῦ,
822 3873 862 3920 rol
877 3873 919 3930 τῆς
935 3870 1021 3932 σοφίας
1040 3871 1121 3920 αὐτοῦ.
1153 3867 1243 3930 Ooufer
1254 3883 1309 3917 vero

156 3955 288 4017 προώρισεν
298 3953 360 4002 thau
367 3953 553 4016 proedffnieut,
567 3971 594 4003 aa
607 3953 706 4019 printed
756 3951 839 4016 ipram
850 3952 971 4001 Irenaearn
982 3963 1000 4002 1.
1016 3965 1045 4016 19
1064 3950 1092 4015 [1.
1105 3967 1129 4015 p.
1142 3949 1206 4015 rtlpl
1221 3950 1270 4004 Ga

155 4036 189 4100 by
200 4035 338 4094 Moesum,
351 4034 415 4083 from
426 4036 469 4082 tha
480 4034 580 4084 Ouarar.
593 4035 651 4084 MS.
805 4033 951 4096 ⁷h7paph,
964 4034 1022 4082 here
1032 4049 1118 4082 meana
1129 4033 1171 4082 the
1183 4033 1273 4082 Pastor
1284 4032 1313 4080 of

204 4118 326 4166 ³raoaraa
361 4117 413 4166 Hie
427 4116 538 4166 utalih.
551 4128 576 4166 u.
590 4133 643 4179 oop.
656 4117 673 4166 i.
686 4124 707 4166 et
757 4115 873 4177 Hermas,
885 4116 950 4164 from
961 4116 1041 4166 which
1053 4115 1179 4180 primitire
1189 4116 1258 4168 work
1267 4115 1310 4164 the

154 4201 240 4252 xxviii.
258 4198 354 4249 Filiam
364 4206 386 4247 ot
400 4197 522 4260 Spiritum
532 4197 647 4246 &urtam
659 4197 707 4247 Dei
756 4197 973 4247 citationismade.
1002 4197 1035 4250 So
1044 4198 1087 4246 the
1095 4197 1141 4264 Ep,
1150 4197 1178 4250 of
1184 4197 1309 4250 Clamor

153 4297 243 4332 manue
259 4280 319 4330 dicit
324 4299 336 4338 ,·
352 4279 417 4344 quta,
431 4286 458 4328 ut
470 4294 525 4327 moa
540 4278 649 4341 aptore,
663 4295 707 4343 per
757 4279 867 4329 isoaiied
878 4280 1015 4345 Scriptura,
1030 4297 1055 4345 p.
1072 4295 1109 4340 rr,
1124 4296 1150 4330 n.
1165 4295 1187 4343 3.

154 4369 239 4424 eos,et
250 4365 275 4412 in
286 4364 325 4424 iis,
334 4363 417 4412 omnia
425 4362 532 4411 libereet
543 4365 631 4426 sponte
639 4360 704 4410 fecit.
805 4361 1090 4425 ⁸r'giturpronrrntiavii.
1119 4362 1309 4415 Thofirstword

154 4445 292 4494 Missum.
756 4459 784 4492 ao
802 4443 828 4492 in
846 4444 956 4504 Carnu,
976 4444 1028 4498 An.
1050 4443 1100 4492 and
1117 4444 1208 4503 Voss,
1227 4443 1309 4492 which

203 4527 214 4559 ⁶
230 4527 365 4580 Whateror
375 4528 476 4594 opinion
487 4543 525 4575 wo
535 4542 594 4590 may
604 4525 669 4576 form
680 4525 708 4574 of
756 4525 833 4576 MSS.
846 4525 986 4589 altogether
1000 4526 1063 4578 omit
1074 4526 1118 4574 the
1129 4523 1228 4574 second.

154 4609 204 4658 this
215 4610 314 4659 ancient
324 4609 512 4676 interpretation
524 4608 553 4658 of
561 4608 624 4658 Gen.
637 4609 653 4658 i.
663 4620 702 4671 25,
805 4607 816 4640 ⁹
832 4609 884 4656 An.
893 4607 954 4670 ferit
965 4607 1118 4658 acerrimo
1129 4613 1150 4658 ei
1161 4617 1290 4659 &monime
