3276 5086
335 343 402 412 274
567 357 848 412 summumne
870 357 1250 410 vanarummuouuu

194 509 494 614 nrq.1v¹proprios
520 509 720 588 destinasset,
743 507 1001 574 annuntiantes
991 529 1025 574 rn
1048 508 1132 574 bunc
1155 507 1307 574 mnndum
1331 505 1497 572 ιιἰιιιιιιιιιι

200 575 250 706 GV}
252 577 293 661 ¹V·
333 613 547 678 adventum
519 635 597 700 eJm,
613 614 645 678 in
662 614 746 678 nullo
766 611 1060 678 communicantes
1051 612 1091 677 ris
1111 611 1298 698 Vprophetiis
1319 629 1391 696 qam
1410 617 1497 675 sunt

182 669 263 800 'SV
270 715 308 754 33·
332 736 353 780 a
371 714 552 802 Demiurgo.
600 715 635 782 Si
657 725 871 794 autemeam
890 723 976 780 esset
996 713 1079 778 intra
1097 714 1253 792 Pleroma,
1277 734 1353 778 usus
1374 721 1425 777 cst
1446 711 1495 776 iis

169 817 492 905 *prophetis
514 818 566 905 qui
589 827 680 884 eraut
704 819 875 884 secundum
896 817 1025 904 Legem,
1044 825 1078 883 et
1105 839 1160 902 por
1181 838 1235 882 eos
1256 815 1393 882 ostendit
1414 835 1493 900 quae

332 929 406 986 sunt
427 942 495 998 sua,
519 919 618 986 multo
639 922 750 1008 magis,
769 943 841 986 cum
862 921 923 986 huc
941 920 1086 997 venisset,
1109 921 1190 986 his
1181 921 1258 1007 ipsis
1278 941 1354 986 usus
1374 919 1494 984 luisset

332 1023 501 1110 magistris,
517 1031 549 1088 et
563 1044 619 1108 per
632 1045 686 1088 eos
703 1023 919 1089 annuntiasset
933 1025 1024 1088 nobis
1040 1023 1256 1111 Evangelium.
1293 1023 1369 1086 dam
1388 1021 1493 1108 igitur

332 1147 396 1192 non
417 1127 547 1191 Petrum
562 1135 595 1192 et
611 1127 754 1206 Paulum,
773 1133 806 1190 et
819 1125 954 1213 reliquos
973 1125 1144 1211 Apostolos
1158 1127 1266 1191 dicant
1282 1125 1492 1190 annuntiasse

331 1229 505 1308 veritatem,
520 1230 576 1295 sed
596 1229 721 1296 Scribas
734 1238 767 1294 et
783 1229 970 1308 Pharisaeos,
985 1237 1018 1294 et
1033 1229 1167 1316 reliquos
1184 1250 1239 1315 per
1253 1249 1331 1314 quos
1347 1227 1415 1290 Lex
1429 1247 1490 1290 an-

332 1332 543 1398 nuntiabatur.
581 1332 616 1398 Si
637 1341 745 1397 autem
764 1353 838 1398 suos
862 1333 895 1396 in
916 1354 974 1398 suo
994 1333 1130 1397 adventu
1153 1333 1293 1418 proprios
1314 1330 1490 1417 Apostolos

332 1435 438 1500 emisit
460 1436 512 1499 Viri
535 1433 648 1522 spiritu
671 1435 821 1514 veritatis,
841 1443 874 1501 et
897 1457 961 1500 non
980 1435 1032 1500 ³in
1049 1435 1160 1522 spiritu
1177 1433 1300 1513 erroris,
1319 1433 1379 1498 hoc
1401 1431 1489 1497 idem

333 1537 435 1624 ipsum
449 1539 482 1602 in
497 1537 656 1625 prophetis
670 1539 762 1604 lecit:
786 1559 908 1626 semper
922 1537 1007 1606 eninr
1026 1539 1179 1626 ⁴idipsum
1194 1535 1336 1606 Verbum
1351 1537 1432 1602 Dei:
1452 1546 1489 1603 et

331 1640 484 1728 siquidem
509 1643 549 1707 de
575 1641 820 1729 Vprincipalitate
844 1643 980 1728 Spiritus
1002 1643 1062 1708 luit
1086 1642 1257 1708 secundum
1275 1640 1415 1729 regulam
1438 1641 1488 1726 ip-

331 1767 436 1810 sorum
453 1745 588 1832 Spiritus
607 1745 695 1824 lucis,
710 1754 744 1811 et
759 1745 895 1832 Spiritus
908 1745 1058 1825 veritatis,
1078 1755 1112 1812 et
1127 1745 1262 1832 Spiritus
1276 1743 1486 1832 perfectionis,

332 1855 365 1912 et
381 1847 515 1934 Spiritus
526 1847 715 1936 agnitionie;
738 1849 852 1914 isvero
867 1849 920 1934 qui
934 1871 955 1914 a
969 1849 1153 1936 Demiurgo,
1168 1846 1228 1912 tuit
1244 1846 1380 1934 Spiritum
1396 1845 1487 1933 igno-

331 1950 451 2029 rantis,
466 1958 500 2016 et
517 1951 742 2030 diminutionis,
760 1959 794 2016 et
807 1951 928 2030 erroris,
948 1959 982 2018 et
1001 1953 1118 2017 umbrae
1132 1949 1315 2038 progeniem
1338 1949 1487 2036 quemad·

332 2053 459 2118 modum
474 2053 506 2118 in
520 2076 583 2120 uno
596 2065 630 2120 et
644 2055 754 2121 eodem
764 2055 866 2143 potuit
880 2078 950 2122 esse
963 2056 1113 2142 perfectio
1127 2063 1160 2120 et
1174 2053 1350 2133 diminutio,
1365 2051 1486 2140 agnitio

331 2163 364 2221 et
378 2155 563 2242 ignorantia,
585 2179 671 2223 error
689 2167 722 2224 et
737 2160 861 2238 veritas,
877 2159 931 2224 lux
945 2169 978 2226 et
992 2161 1150 2225 tenebrae!
1187 2159 1222 2224 Si
1236 2165 1343 2224 auteur
1362 2158 1396 2221 iu
1414 2177 1486 2242 pro-

331 2259 436 2346 phetis
448 2259 637 2347 impossibile
651 2271 719 2328 erat
738 2265 798 2330 boc
812 2265 858 2330 ita
872 2285 950 2342 esse,
966 2265 1022 2330 sed
1040 2265 1081 2328 ab
1095 2285 1158 2328 uno
1173 2263 1244 2328 Deo
1262 2261 1404 2328 Verbum
1418 2259 1486 2326 Du·

331 2363 408 2428 mini
429 2367 660 2450 praeconabant,
682 2375 716 2432 et
737 2368 907 2432 adventum
932 2367 1005 2432 Filii
1026 2369 1094 2454 ejus
1115 2365 1361 2440 annuntiabant;
1386 2363 1486 2428 multo

331 2469 434 2556 magis
449 2468 604 2536 Dominus
621 2471 688 2556 ipse
704 2493 862 2558 nunquam
882 2471 975 2536 modo
995 2471 1120 2556 quidem
1139 2473 1179 2536 de
1200 2469 1372 2557 principali,
1391 2467 1485 2534 modo

331 2593 403 2638 vero
418 2574 457 2638 de
472 2575 613 2660 subjecta
632 2575 875 2641 deminoratione
894 2575 1020 2642 fecisset
1033 2597 1202 2654 semones,
1222 2583 1255 2640 et
1269 2571 1438 2662 agnitionis
1451 2579 1486 2637 et

331 2675 517 2764 ignorantiae
541 2679 634 2744 simul
663 2679 765 2744 sactus
790 2679 959 2766 nugister:
992 2701 1050 2745 neo
1076 2700 1214 2766 unquam
1237 2678 1330 2742 modo
1359 2677 1486 2762 quidem

332 2781 439 2845 mundi
457 2781 683 2860 fabricatorem,
698 2781 791 2847 modo
806 2791 912 2847 autem
926 2803 998 2848 eum
1009 2783 1062 2870 qui
1076 2805 1169 2870 super
1187 2783 1288 2846 Vbunc
1303 2787 1353 2846 est
1369 2779 1485 2867 glorifi-

167 2901 216 2942 tuo
227 2901 319 2949 v-otu.
333 2889 418 2946 caret
436 2883 574 2962 Patrem,
594 2883 854 2968 quemadmodum
873 2885 940 2972 ipse
958 2886 1022 2951 ait:
1047 2887 1146 2952 Nemo
1162 2885 1301 2950 immittit
1318 2883 1485 2948 emmiss-

333 3005 402 3047 rum
417 2986 583 3051 ontirucuti
595 2987 665 3050 uoci
678 2989 713 3050 iu
723 2988 927 3052 uestimentum
945 2998 1037 3066 οοτιιι,
1052 3009 1106 3053 uec
1122 2989 1245 3053 mittunt
1259 2986 1362 3050 uimuu
1376 3005 1485 3048 uocum

331 3085 367 3152 iu
377 3096 460 3152 utres
472 3097 589 3153 meros.
627 3087 729 3176 Igitur
742 3098 797 3155 aut
812 3089 896 3155 omni
911 3091 1004 3157 modo
1019 3099 1052 3156 et
1066 3091 1126 3178 ipsi
1139 3089 1318 3156 abstineant
1331 3109 1367 3153 se
1380 3108 1400 3152 a
1414 3109 1485 3173 pro·

330 3187 444 3274 phetis,
463 3196 612 3275 tanquam
630 3211 651 3255 a
672 3191 846 3270 veteribus3
870 3200 903 3258 at
924 3215 988 3259 non
1008 3195 1123 3274 dicant,
1143 3215 1198 3258 eos
1218 3193 1260 3257 nb
1277 3213 1315 3256 ea
1335 3189 1484 3268 novitus

330 3310 401 3374 quae
420 3291 591 3356 secundum
609 3293 868 3380 principalitatem
887 3305 946 3376 eat,
967 3297 1110 3385 quaedam
1123 3295 1251 3374 dixisse,
1266 3293 1444 3381 praemissos
1464 3313 1485 3357 a

331 3390 517 3480 Demiurgo:
533 3403 589 3460 aut
603 3419 710 3462 rursus
722 3399 909 3486 Vurguentur
922 3421 942 3466 a
957 3399 1095 3466 Domino
1109 3399 1242 3478 dicente,
1258 3419 1367 3464 uortuu
1381 3399 1485 3464 uuum

329 3515 389 3562 ιιοιι
403 3497 485 3562 mitti
499 3497 534 3562 iu
547 3507 629 3564 utres
642 3509 763 3566 οοίονοι.

394 3602 427 3666 3.
474 3599 568 3667 Unde
581 3609 688 3668 autem
701 3625 809 3669 semen
822 3605 933 3670 matris
951 3603 1090 3690 ipsorum
1106 3612 1231 3691 poterat
1244 3627 1432 3693 cognoscere
1446 3625 1484 3670 ea

329 3723 400 3790 qnae
414 3710 504 3768 erant
523 3705 606 3770 intra
621 3705 766 3771 Pleroma
780 3715 985 3786 sacramenta,
1004 3715 1038 3773 et
1051 3708 1092 3773 de
1105 3708 1156 3773 his
1169 3708 1294 3796 eloquit
1324 3707 1483 3794 Siquidem

380 3901 391 3934 ¹
408 3902 530 3967 propr-im,
552 3903 690 3966 fututam
720 3904 826 3953 omitted
855 3905 881 3954 in
931 3907 1482 3972 apu,1imaginetheresorctbattbctrana·

330 3983 421 4047 Voss,
434 3984 530 4046 assis,
546 3985 643 4047 Mass,
656 3985 706 4035 und
718 3985 805 4035 Srma.
818 3987 882 4036 bavo
931 3988 1084 4038 latorwroto
1101 3989 1167 4038 um
1180 3987 1277 4052 ὄρειοι.
1288 4025 1310 4040 ..
1321 3988 1484 4051 ,lutomiri-

330 4067 446 4131 noticed3
474 4069 566 4130 Isdd,
586 4069 629 4117 tbe
654 4069 698 4118 010.
726 4067 780 4118 also
807 4069 883 4119 omits
932 4073 978 4128 tus,
991 4068 1042 4117 and
1052 4068 1108 4118 that
1124 4067 1188 4118 idem
1202 4069 1331 4133 monning
1341 4067 1484 4118 camsdtbe

330 4148 407 4198 tbsnr.
933 4151 1057 4202 omission.
1076 4150 1116 4202 cl.
1133 4151 1210 4202 reor.
1223 4151 1266 4201 xii.
1280 4152 1303 4202 8.
1360 4194 1362 4198 .

380 4227 540 4290 ‘aures
556 4243 616 4292 rue
635 4229 802 4292 erveus
825 4245 882 4293 ιο
980 4229 1375 4297 ‘metusmetus
1390 4242 1446 4295 us.
1462 4243 1482 4292 ι,

327 4307 415 4371 plectis,
430 4308 480 4371 qui,
492 4309 543 4358 Aa.
565 4309 883 4362 cluammormoedoc·
933 4315 1034 4380 equally
1043 4315 1363 4380 representsrtrbatpuuu.

331 4388 408 4451 triste,
423 4389 509 4438 above.
982 4393 993 4427 V
1009 4395 1061 4446 ΑΒ.
1074 4394 1140 4445 turc
1148 4393 1291 4458 altor-{ticam

379 4469 588 4532 ’monisse
602 4473 628 4520 in
639 4473 800 4537 bothplacea.
982 4471 1070 4534 lan,
1095 4473 1142 4522 but
1164 4473 1218 4535 (tn,
1237 4473 1327 4536 Voss,
1347 4473 1436 4523 Mane.
1455 4483 1483 4522 ιι.

380 4551 883 4618 ⁴As.replaosalptum...idtpoumwith
934 4561 1080 4616 arguuntur.
