3334 5070
428 389 531 444 uuus
550 390 685 456 suune,
710 389 837 446 murus
860 391 908 444 su
933 391 1114 447 ememus.
1289 371 1353 448 171

200 539 339 626 elebatur,
364 543 582 612 manifestatus
600 545 778 612 hominibus
797 546 1057 631 quemadmodum
1076 547 1172 612 voluit
1188 547 1294 624 Deus;
1318 556 1356 614 ut

198 649 320 736 possint
345 669 468 735 semper
489 649 637 734 proficere
663 649 824 714 eredentes
849 649 883 713 in
903 671 984 728 enm,
1014 657 1048 714 et
1074 651 1144 736 ¹per
1166 656 1355 716 testamenta

198 759 406 818 maturescere
426 751 599 836 profectum
616 751 737 818 salutis.
783 751 860 816 Une
878 752 962 818 enim
981 753 1066 818 selus
1085 761 1117 818 et
1140 775 1221 818 unus
1243 754 1352 830 Deus3

198 875 269 939 quae
295 863 403 920 autem
428 853 564 918 formant
587 853 754 933 hominem,
789 862 947 940 praeoepta
971 855 1078 934 multa,
1113 864 1146 920 et
1168 877 1232 920 non
1260 857 1351 940 pauci

199 955 316 1041 gradus
339 955 392 1040 qui
418 955 577 1020 adducunt
599 955 757 1021 hominem
776 957 817 1020 ed
837 956 952 1022 Deum.
998 957 1150 1022 ²Terreno
1173 957 1353 1043 quidemst

200 1055 364 1142 temporali
385 1056 462 1142 regi,
481 1056 610 1121 sumsit
632 1057 735 1136 homo,
762 1057 836 1123 lieet
859 1057 1022 1143 aliquoties
1047 1059 1180 1144 majores
1194 1060 1352 1145 profectus

200 1161 370 1226 attribuere
383 1161 434 1226 his
453 1160 506 1247 qui
524 1167 598 1225 sunt
618 1161 768 1247 subjecti:
789 1161 859 1226 Deo
877 1169 982 1226 autem
999 1183 1063 1227 non
1082 1163 1198 1242 licebit,
1219 1185 1292 1228 cum
1311 1163 1354 1228 sit

199 1264 292 1343 idem,
307 1271 340 1330 et
358 1285 482 1350 semper
495 1265 644 1350 majorem
662 1264 796 1351 gretiam
810 1273 958 1350 praestare
972 1265 1107 1330 humano
1126 1265 1233 1353 generi
1252 1267 1352 1344 ⁸velit,

199 1374 233 1432 et
253 1367 393 1452 pluribus
414 1367 593 1432 muneribus
614 1367 737 1432 assidue
760 1367 911 1434 honorare
934 1390 988 1433 eos
1011 1369 1064 1455 qui
1086 1369 1209 1455 pleoent
1223 1370 1273 1434 eil
1318 1371 1352 1435 Si

199 1477 305 1534 autem
324 1470 385 1534 hoo
404 1476 452 1534 est
473 1470 645 1555 *proficere
664 1470 796 1535 alterum
813 1470 990 1536 adinvenire
1005 1470 1135 1535 Patrem
1149 1479 1262 1556 praeter
1281 1495 1353 1539 eum

201 1572 254 1658 qui
268 1573 309 1636 eb
323 1571 412 1637 initio
431 1573 634 1639 annuntiatus
654 1581 712 1652 est,
734 1580 767 1638 et
785 1595 917 1652 rursum,
935 1580 1048 1659 praeter
1067 1595 1138 1640 eum
1153 1575 1205 1660 qui
1224 1583 1353 1662 putetur

199 1675 337 1742 seeundo
348 1675 490 1742 inventus
500 1697 579 1754 esse,
591 1675 738 1741 ⁶alternm
750 1675 876 1741 tertium
886 1675 1080 1752 adinvenire;
1097 1685 1129 1742 et
1144 1677 1283 1764 ejusdem
1293 1677 1353 1742 erit

200 1777 372 1863 ⁴proleotus
393 1786 426 1844 et
444 1800 464 1844 a
484 1779 578 1844 tertio
598 1784 802 1866 inquietum,
823 1786 856 1845 et
881 1780 922 1844 ab
943 1779 1003 1844 hoo
1024 1801 1146 1844 rursum
1167 1779 1299 1844 alterum
1320 1788 1353 1846 et

199 1884 348 1949 alterum:
372 1885 465 1950 etsie
483 1906 605 1970 semper
624 1893 738 1969 putans
752 1886 901 1970 prolicere
917 1883 990 1949 talis
1004 1905 1124 1962 seusus,
1144 1904 1303 1968 nunquam
1320 1884 1354 1948 in

199 2009 261 2052 uno
275 1987 373 2052 stabit
388 1987 469 2052 Deo.
507 1987 666 2073 Expulsus
682 1987 765 2052 enim
776 1987 820 2052 eb
837 2009 875 2052 eo
895 1986 948 2073 qui
967 1993 1026 2065 est,
1041 1995 1074 2051 et
1087 2007 1227 2051 reversus
1240 1993 1353 2052 retror-

196 2109 278 2168 sum,
294 2096 413 2176 qureret
426 2089 552 2177 quidem
565 2111 697 2176 semper,
712 2089 847 2160 inveniet
860 2096 967 2156 autem
980 2110 1139 2180 nunquam
1154 2089 1277 2166 Deum;
1296 2089 1353 2156 sed

248 2301 259 2333 ¹
268 2317 316 2364 per
325 2308 469 2364 testamenta,
480 2307 527 2352 eto.
550 2304 630 2353 These
641 2303 752 2363 διαθηκαι
800 2317 905 2366 passage
912 2301 988 2364 being
998 2301 1124 2364 evidently
1132 2317 1164 2350 an
1171 2303 1321 2366 spplioation
1327 2305 1357 2353 of

175 2409 177 2414 v
200 2399 272 2434 were
286 2384 329 2434 the
352 2384 451 2434 Mosaie
474 2384 649 2448 dispensatim,
673 2383 753 2432 under
803 2381 828 2434 Β.
837 2382 921 2432 Paul’s
932 2382 1021 2443 words,
1035 2383 1095 2432 eo
1105 2385 1131 2434 δὲ
1141 2384 1170 2432 τὸ
1180 2386 1273 2434 τέλειον
1283 2387 1351 2447 ἔλθῃ,

200 2463 282 2514 which
307 2464 392 2514 Christ
417 2481 468 2516 was
497 2464 610 2526 loretold,
635 2463 686 2514 und
709 2464 752 2512 the
801 2464 914 2528 theyers
931 2463 957 2512 in
974 2478 1008 2512 uo
1024 2478 1080 2528 way
1096 2462 1125 2510 ol'
1144 2463 1246 2527 parallel
1260 2465 1354 2528 import

201 2545 335 2606 Christian,
357 2544 436 2594 under
452 2545 534 2594 which
555 2545 626 2594 those
648 2545 751 2610 prophe·
801 2543 863 2595 with
871 2545 914 2592 the
925 2543 1005 2596 words
1013 2543 1155 2594 nowunder
1165 2545 1352 2598 oonsideration.

201 2627 250 2681 cies
261 2642 325 2675 were
338 2625 449 2676 fulfllled.
483 2625 537 2674 The
547 2625 651 2689 reading
658 2624 751 2688 penses·
852 2626 967 2675 Gnseu's
983 2629 1042 2675 note
1065 2627 1086 2676 is
1109 2643 1136 2676 es
1152 2627 1264 2679 follows:
1293 2629 1353 2678 Per·

202 2708 303 2757 tenuior
309 2707 444 2771 perfeetum
452 2723 530 2756 seems
538 2707 751 2756 heretobeindis-
801 2707 895 2757 sectum
906 2707 1002 2758 salutis.
1036 2708 1078 2756 Ito
1091 2715 1133 2760 eet.
1149 2709 1230 2759 Oodee
1244 2709 1352 2761 Feuurd.

201 2787 325 2853 pensabis.
359 2788 412 2838 The
429 2789 512 2838 Greek
525 2788 608 2838 would
626 2789 688 2837 then
703 2805 752 2838 run
802 2795 823 2838 et
853 2789 915 2838 Voss.
956 2788 1004 2838 Sed
1030 2789 1125 2842 Eratos.
1154 2789 1246 2841 Gallus.
1269 2791 1354 2842 Arun-

200 2885 229 2918 as
250 2867 352 2928 follows,
377 2871 415 2920 lvo
437 2870 566 2928 δυνήθωσιν
587 2871 651 2920 κατὰ
672 2869 753 2920 πάντα
802 2869 848 2920 del.
866 2869 941 2920 More.
967 2883 990 2931 n,
1014 2868 1101 2920 labent
1116 2886 1160 2938 por
1179 2872 1293 2922 effoetum
1305 2887 1355 2936 pm

200 2951 345 3013 προκόπτειν
364 2951 386 3000 ot
404 2953 555 3002 πιστεύοντες
565 2953 603 3004 ἐἰς
620 2953 699 3012 αὑτὸν,
713 2952 753 3000 καὶ
802 2951 946 3014 perfeetum.
970 2949 1081 3016 Denique
1091 2951 1252 3002 Fmdooio
1262 2960 1355 3002 idrunt-

201 3033 241 3081 διὰ
261 3033 310 3082 τῶν
332 3033 450 3092 διαθηκῶν
471 3034 622 3082 τελειοῦσθαι
643 3034 688 3092 τὴν
709 3034 752 3092 τῆι
803 3031 957 3096 querelem
966 3034 1044 3081 visum
1054 3039 1093 3082 est.
1125 3033 1179 3095 Sed,
1194 3033 1355 3084 sisinum-

200 3115 319 3176 σωτηρίαι
329 3114 460 3176 προκοπήν,
469 3114 551 3163 where
558 3120 711 3164 πιοιιινιοοονι
718 3115 753 3179 by
797 3111 892 3176 jesua
907 3111 988 3174 fallet,
1013 3111 1145 3174 lepmdum,
1166 3113 1198 3161 ed
1217 3113 1355 3177 perfeetum

199 3211 287 3260 every
304 3195 381 3260 likely
398 3195 510 3244 solecisrn
528 3211 587 3260 may
608 3196 672 3246 have
690 3195 752 3245 been
803 3194 898 3254 solutis,
920 3193 950 3244 td
968 3199 1006 3255 est,
1027 3193 1060 3242 sd
1078 3194 1213 3258 perlectam
1231 3195 1354 3257 salutsm3

200 3277 301 3326 written
322 3276 361 3326 lor
378 3281 509 3326 materen.
544 3276 623 3326 There
639 3277 661 3326 is
675 3292 753 3326 sorne-
803 3274 919 3338 οιιοοιοιίο
937 3290 996 3340 pay.
1021 3277 1076 3336 380,
1101 3274 1146 3325 lin.
1169 3273 1193 3338 6,
1212 3275 1242 3326 ds
1261 3276 1356 3326 domim

200 3357 274 3422 thing
295 3373 328 3406 no
347 3357 395 3406 less
416 3357 493 3407 harah
514 3357 541 3406 in
563 3356 679 3406 Gms‘s
696 3374 752 3422 pro-
804 3355 917 3418 loquitur,
929 3355 1045 3419 velutper
1054 3355 1159 3406 diversos
1166 3345 1262 3420 ρνοιίιιι
1273 3373 1355 3421 perue-

200 3439 277 3503 posed
302 3438 414 3503 reading,
443 3437 478 3488 sd
497 3437 632 3501 medum
656 3438 749 3500 eduis,
803 3436 925 3486 οἰοιιιαιί
932 3436 1073 3500 perfodunt,
1088 3440 1146 3501 πρὸς
1156 3441 1248 3488 τέλειον
1258 3441 1354 3502 ὀοερχο·

200 3521 217 3570 i.
230 3536 251 3570 e.
275 3519 310 3570 ad
323 3519 456 3583 perfectum
472 3519 581 3570 coloten.
615 3520 668 3569 'lhe
685 3535 754 3570 same
803 3519 880 3577 μὰον.
916 3517 1130 3582 Etinfertuepuy.
1143 3533 1199 3584 409,
1212 3520 1254 3570 ool.
1272 3535 1293 3581 r,
1306 3520 1352 3572 lin.

201 3601 325 3666 objection
342 3601 436 3666 applies
457 3605 484 3650 to
502 3601 655 3651 Msssurm's
672 3601 754 3666 expla-
805 3614 843 3650 οι.
877 3599 955 3649 Nune
967 3603 1051 3650 autem
1065 3605 1162 3664 purtem
1176 3601 1286 3665 eliqeem
1301 3602 1355 3665 Spi-

201 3683 296 3744 netion,
310 3684 366 3732 thet
376 3684 420 3732 the
429 3683 511 3733 words
521 3700 563 3732 are
574 3683 716 3748 equivalent
726 3687 754 3732 to
802 3682 867 3732 ritus
884 3681 937 3745 ejus
954 3682 1076 3731 sumimus
1092 3681 1124 3730 ed
1138 3682 1313 3746 perlectionem
1330 3688 1357 3732 et

196 3761 344 3825 perfectione
353 3763 455 3821 tolutim
468 3764 570 3825 besides,
580 3765 661 3815 where
672 3763 754 3814 would
803 3763 1010 3827 preparationem
1031 3763 1210 3826 incorruptelae,
1234 3763 1355 3826 paulatim

201 3843 273 3892 there
290 3843 322 3891 be
339 3859 390 3908 any
405 3845 524 3908 prohsble
541 3845 649 3895 solution
667 3846 695 3896 in
709 3846 754 3894 the
804 3848 970 3894 assuesoentes
981 3859 1069 3908 sapere
1079 3847 1105 3892 et
1115 3847 1215 3907 portare
1225 3843 1318 3894 Deum.

202 3923 303 3974 Greekl
336 3923 389 3972 The
410 3925 541 3974 alteration
557 3941 613 3974 now
633 3925 755 3991 proposed
853 3923 925 3975 ¹010.
945 3925 1035 3974 inserts
1053 3930 1114 3985 oettc,
1136 3923 1201 3973 from
1218 3925 1262 3973 the
1283 3925 1355 3989 sylla·

201 4003 436 4069 scuroelydeserves
446 4006 491 4054 the
505 4021 585 4066 neme,
598 4007 674 4054 lorin
688 4011 754 4055 most
803 4005 899 4055 blason
916 4006 994 4056 either
1010 4005 1068 4056 side.
1101 4005 1155 4056 The
1166 4005 1228 4056 001).
1245 4005 1312 4056 Vsn.
1330 4007 1360 4055 of

201 4085 280 4137 MSS.
296 4085 430 4150 perseam
451 4087 502 4136 and
519 4086 656 4152 profestum
673 4087 755 4136 would
804 4085 925 4136 From.
937 4087 987 4136 and
995 4085 1075 4137 Voss.
1088 4087 1151 4137 have
1162 4093 1217 4135 erite
1226 4093 1354 4135 tamennon.

200 4169 232 4218 be
242 4168 342 4218 written
354 4168 427 4220 alike.
451 4169 573 4234 Compnre
583 4168 755 4220 theses-iulec-
853 4166 935 4217 ⁸velit
951 4168 1058 4218 inserted
1073 4169 1108 4232 by
1126 4167 1214 4219 Msss.
1231 4168 1296 4218 hem
1313 4168 1357 4216 the

201 4250 234 4300 tio
244 4267 270 4314 p.
281 4247 336 4314 162,
348 4267 374 4300 n.
383 4267 407 4313 4,
420 4250 471 4300 aud
481 4249 550 4300 lonso
559 4249 755 4313 veropmseolmn
805 4249 906 4298 Onnum.
919 4248 978 4298 MS.
1042 4259 1045 4264 ’

197 4331 753 4397 pecipisoaeopmsuomaneqema.
852 4329 1356 4396 ⁴profiom....profectus,hereper·

202 4413 355 4464 Mnssus'r's
367 4415 497 4479 quotation
509 4415 538 4464 of
546 4415 589 4464 the
600 4415 680 4464 words
687 4430 755 4464 some
804 4413 875 4478 haps,
895 4414 924 4462 τὸ
936 4413 1110 4475 προχωρεῖν...
1119 4414 1278 4475 τροχώρησις.
1316 4409 1355 4461 cf.

201 4511 259 4561 way
277 4497 363 4559 above,
382 4497 445 4548 ιίοιιι
461 4497 539 4561 esur
549 4496 687 4548 admisto
699 4511 755 4560 per-
800 4493 909 4558 pmfiotet
919 4493 961 4554 od,
976 4505 1032 4542 m.
1046 4507 1068 4544 ι.

197 4577 270 4642 fecto,
282 4577 304 4628 is
318 4583 364 4630 not
382 4582 409 4629 ut
423 4579 457 4628 all
473 4584 501 4630 to
518 4581 562 4632 the
579 4595 693 4646 purpose,
711 4579 755 4628 the
853 4577 864 4609 ⁶
881 4576 983 4626 alterum
995 4575 1099 4638 tertium,
1112 4576 1193 4638 τρίτον
1204 4573 1287 4623 ἄλλον.

1144 4663 1256 4725 11-2

1390 569 1443 609 mu
1455 569 1494 611 1v.

1405 616 1449 654 xlx.
1457 617 1476 656 9.

1367 659 1456 700 GMV.
1465 661 1518 702 xril.

1378 707 1505 791 ”issam

1421 763 1441 791 x.
