3292 5068
621 417 895 470 nnsmuourunr.
1292 399 1334 470 37

178 565 214 630 in
233 587 305 632 eum
326 566 533 636 descendisse.
592 569 791 636 Mentiuntur
813 590 888 658 ergo
914 569 1072 658 ogdoados
1097 569 1200 658 angeli
1225 591 1334 636 secun-
1346 589 1399 632 nro.
1414 591 1455 677 ¹,¹¹·
1469 593 1499 632 ιι.

178 671 255 736 dum
279 693 344 748 eos,
372 673 529 738 dicentes.
556 674 704 754 Quoniam
723 685 885 760 peroratus
907 675 1056 740 cetthodo'e
1079 673 1332 754 obtruncamur,
1355 641 1490 771 ξᾶέέῐὶῆῐ

177 777 234 862 qui
248 785 290 840 eat
302 777 439 842 directae
452 779 604 842 Dominae
618 780 665 844 ¹v'a
679 779 801 844 ciuitate
815 779 931 843 David.
956 778 1067 864 Neque
1081 779 1164 844 enim
1180 778 1498 862 Christum—
1397 788 1418 816 Χ·
1428 780 1446 816 Χ

178 901 282 964 neque
300 879 452 959 Salvator,
468 889 544 945 tunc
559 889 651 946 natus
666 889 715 946 est
729 883 899 946 secundum
914 903 985 947 eos:
1003 883 1058 947 sed
1073 881 1134 960 ille,
1151 882 1203 967 qui
1218 886 1281 946 ²est
1295 881 1333 946 de
1347 889 1397 928 ¹¹⁰·
1407 890 1429 929 ¹¹·
1441 891 1471 930 ¹¹·

179 981 385 1067 dispositione
414 981 521 1060 Jesus,
553 985 605 1070 qui
634 993 684 1050 est
708 985 815 1049 mundi
844 985 1050 1064 fabricatoris,
1080 984 1114 1048 in
1141 1006 1234 1072 quem
1264 991 1335 1069 post

179 1082 338 1168 baptisma
352 1084 559 1166 descendisse,
575 1086 635 1152 hoc
650 1095 699 1152 est
713 1095 785 1172 post
799 1087 929 1174 triginta
942 1109 1051 1166 annos,
1066 1091 1249 1174 8supernum
1265 1086 1334 1152 Sal-

179 1194 319 1252 vatorem
334 1187 451 1252 dicunt.

266 1371 301 1486 4.
345 1347 408 1424 Etr
422 1382 456 1421 τι
452 1349 508 1421 di
527 1351 580 1422 rui
594 1349 667 1424 ‘rd’
651 1383 683 1422 εν
701 1351 797 1424 πόλει
813 1349 930 1440 hadid
947 1351 1204 1450 πρασὲθηκαν,’
1177 1382 1201 1421 ει
1219 1381 1264 1436 μη
1281 1351 1333 1422 ἵνα
1347 1349 1499 1442 ,Τὴῇηῗηῇ

180 1461 243 1543 τὴν
260 1464 324 1532 ὑπο
311 1459 432 1534 θεοῦ
444 1467 657 1605 γεγενημένην
674 1498 722 1556 τῳ
707 1463 882 1554 Δαβὶδ
867 1467 1061 1561 νπόσχεσιν,
1078 1465 1131 1536 ὅτι
1152 1464 1186 1533 ἐκ
1204 1495 1333 1564 καρπον
1318 1424 1462 1575 iddlffi

181 1574 242 1656 τῆς·
263 1574 389 1652 κοιλίας
414 1576 516 1648 adreci
534 1579 659 1656 αἰώνιός
678 1580 751 1650 ἐστι
775 1577 944 1667 βασιλεὺς,
964 1577 1219 1677 πεπληρωμένην
1238 1577 1334 1668 εὖαγ-
1318 1581 1492 1668 -gstffleffim

183 1687 449 1778 γθλῖσωνΐαίζ
435 1722 471 1774 ην
497 1723 516 1762 0
505 1689 738 1792 δημῑθϋργος
767 1689 864 1764 'fomis
897 1722 960 1764 ‘roll
992 1721 1117 1768 'MWOS'
1152 1655 1496 1774 πεποίηταῑζλὲλωώ

181 1799 460 1892 ἐπαγγελίαν...

249 1991 280 2053 4.
325 1989 408 2072 Quid
434 1998 540 2056 autem
565 1991 600 2056 iu
619 1992 741 2056 civitate
755 1991 868 2057 Daoid
884 1995 1104 2078 apposuerunt,
1125 1987 1186 2054 nisi
1208 1995 1245 2054 ut
1263 2009 1334 2053 eam

183 2091 440 2174 pollicitationem
476 2117 545 2181 quae
586 2116 606 2160 a
643 2093 713 2160 Deo
750 2095 834 2162 facta
869 2103 919 2161 est
957 2095 1068 2173 David,
1105 2093 1252 2180 qnoniam
1292 2115 1334 2158 ex

180 2192 284 2260 fructu
314 2195 431 2262 ventris
461 2199 530 2284 ejus
554 2207 690 2264 aeternue
718 2199 778 2264 erit
807 2200 888 2278 Rex,
915 2198 1116 2284 adimpletam
1144 2195 1334 2284 evangelisa-

180 2299 271 2363 rent!
308 2297 437 2364 Etenim
451 2301 618 2367 fabricator
632 2302 730 2368 totius
743 2301 954 2366 universitatis
968 2300 1084 2365 fecerat
1098 2298 1334 2384 promissionem

184 2397 299 2478 David,
329 2403 627 2486 quemadmodum'
618 2427 685 2492 rpse
717 2403 821 2468 David
848 2403 912 2468 ait:
951 2403 1153 2486 Arh'otorium
1186 2423 1284 2466 mcum
1312 2423 1334 2464 α
1348 2419 1483 2460 semiue

73 2522 107 2562 u
122 2520 166 2565 1¹¹⁷
180 2504 400 2592 Dominoque
394 2508 496 2592 facit
517 2509 622 2573 coelom
643 2517 670 2572 et
691 2517 817 2573 terram.
862 2507 907 2572 Et
929 2507 1060 2572 iterum:
1084 2511 1123 2569 In
1150 2527 1244 2569 amau
1273 2503 1382 2621 αλιαως
1348 2523 1445 2608 eafba
1454 2525 1489 2562 a·

171 2605 255 2688 fiaes
279 2617 380 2690 terroe,
407 2620 434 2674 et
456 2611 633 2676 altitudines
654 2611 799 2676 moratium
821 2611 916 2697 ipsium
940 2619 1019 2674 earet
1067 2608 1254 2689 Qrwniom
1240 2581 1382 2694 apru’rts‘eq

182 2717 224 2772 eat
248 2733 334 2775 more
358 2714 421 2776 et
408 2735 470 2800 apae
484 2714 600 2798 secit'
587 2737 600 2777 a
601 2713 676 2792 tt‚o‹t
700 2721 727 2778 ot
748 2714 873 2778 aridum
895 2735 1002 2778 moue
1023 2713 1086 2798 ejus
1106 2713 1333 2798 fundaverunt.

190 2810 294 2878 Venite
308 2817 478 2896 adoremus,
495 2827 522 2882 et
530 2818 728 2904 procidamus
741 2825 812 2881 oute
826 2839 903 2894 euru,
915 2825 943 2881 ot
957 2821 968 2858 ⁴
967 2816 1122 2903 ploraveras
1135 2817 1169 2882 ia
1183 2825 1335 2902 conspectu

181 2918 312 2982 Domini
330 2921 384 3004 qui
397 2921 478 3004 facit
494 2942 554 2998 uos,
576 2922 650 3006 quio
672 2921 734 3005 iore
753 2929 794 2984 est
810 2921 960 2985 Dominae
973 2921 1059 2984 Deua
1075 2929 1182 2985 noster.
1228 2917 1334 2983 Mani-

181 3020 262 3084 feste
289 3023 493 3106 pronuntians
519 3023 654 3109 Spiritus
682 3030 809 3088 sanctus
831 3044 887 3108 per
909 3021 1011 3086 David
1032 3020 1230 3085 audientibus
1251 3040 1333 3098 eum,

181 3121 330 3205 quoniam
343 3128 443 3204 {erunt
467 3123 520 3209 qui
544 3131 745 3190 contemnant
769 3146 840 3188 eum
864 3123 916 3209 qui
940 3121 1105 3210 plasmavit
1127 3143 1195 3201 nos,
1222 3121 1274 3207 qui
1301 3129 1334 3186 et

180 3224 266 3288 solus
292 3233 342 3290 est
370 3225 469 3292 Deus.
508 3227 641 3314 Propter
664 3227 747 3313 quod
770 3235 803 3292 et
828 3226 953 3292 dicebat
979 3247 1048 3312 quae
1076 3225 1224 3312 praedicta
1249 3231 1333 3302 sunt,

180 3327 372 3413 significans,
403 3330 568 3416 ⁵quoniam
601 3351 642 3394 ne
674 3329 859 3408 erraveritis,
895 3337 1009 3416 praeter
1037 3329 1120 3393 hunc
1153 3335 1208 3392 aut
1240 3347 1334 3413 super

179 3429 265 3494 hunc
283 3429 362 3496 alius
380 3453 443 3496 non
460 3441 509 3498 eat
524 3433 621 3511 Deus,
638 3433 688 3498 cui
707 3433 809 3520 magis
824 3431 983 3498 intendere
1000 3439 1153 3519 oporteat,
1173 3431 1335 3518 religiosos

180 3553 240 3597 nos
263 3541 295 3598 et
318 3542 425 3622 gratos
448 3557 625 3622 praeparans
654 3535 687 3599 in
713 3557 785 3600 eum
808 3535 861 3620 qui
885 3535 993 3600 lecerit
1021 3543 1054 3600 et
1082 3533 1280 3600 constituerit
1302 3539 1335 3597 et

181 3713 643 3765 vvonldarisesromtheuseoinr'rrdv.
668 3714 733 3780 May
834 3714 992 3778 'mmmmm
1008 3713 1160 3763 Salmone.
1194 3711 1335 3760 TheBene·

181 3800 228 3844 not
239 3795 327 3858 iprum,
341 3797 470 3857 therefore,
482 3801 607 3862 represent
619 3796 701 3859 Xpml
785 3799 878 3848 diotine
893 3799 973 3847 editor
989 3797 1011 3846 is
1027 3795 1139 3845 followed
1147 3811 1153 3852 ;
1172 3793 1215 3842 the
1233 3791 1336 3854 reading

230 3875 241 3908 ²
257 3877 286 3925 iu
307 3877 401 3928 civitate
414 3877 507 3940 David,
527 3878 558 3928 ci.
577 3895 602 3943 p.
617 3875 655 3941 36,
668 3895 694 3928 n.
708 3894 731 3939 4,
785 3879 884 3942 rupem
896 3878 1036 3938 saonae,
1045 3893 1072 3926 as
1081 3877 1107 3923 in
1118 3875 1220 3932 (lesus,
1230 3873 1336 3922 ismeni-

180 3975 209 4008 as
220 3959 272 4008 also
283 3961 326 4010 the
336 3961 428 4024 sequel.
784 3961 860 4026 festly
870 3977 902 4009 an
917 3976 991 4009 error.
1020 3956 1119 4021 Appeal
1136 3957 1157 4004 is
1172 3955 1244 4003 mede
1254 3959 1282 4003 to
1293 3955 1336 4003 the

231 4038 311 4090 ''lhe
328 4041 394 4106 body
407 4041 436 4089 of
447 4041 509 4090 flesh
525 4041 579 4089 κατ’
591 4041 730 4100 οἰκονομίαν,
784 4042 919 4107 preceding
942 4043 1051 4098 context,
1076 4037 1117 4086 aad
1138 4035 1337 4086 corruunt...dc·

180 4123 232 4172 and
248 4124 291 4172 the
308 4125 409 4188 psychic
425 4122 544 4188 principle
559 4123 658 4171 derived
669 4123 733 4170 lrom
784 4122 906 4183 remediare,
921 4121 970 4171 and
981 4126 1008 4170 to
1020 4135 1035 4169 a
1045 4119 1248 4183 similarpassage
1256 4123 1283 4168 et
1293 4119 1337 4168 the

181 4206 324 4270 Demiurge,
349 4207 420 4255 alone
442 4223 506 4255 were
527 4205 589 4254 born
615 4206 667 4254 into
689 4206 733 4254 the
785 4207 995 4253 commencement
1006 4201 1034 4250 of
1042 4217 1065 4265 p.
1076 4200 1168 4250 ²08M.
1190 4199 1243 4249 'Ihe
1254 4201 1337 4250 Greek

179 4287 265 4349 world,
289 4289 339 4338 and
357 4289 417 4337 with
435 4290 511 4348 these,
538 4287 562 4336 in
583 4289 626 4336 the
645 4287 733 4336 Valen·
785 4283 1241 4350 mayhavehndthepem'ticeabrolute,
1255 4301 1337 4346 κατερ-

179 4371 261 4420 tiniun
275 4371 371 4435 theory,
390 4361 473 4419 Christ
488 4371 530 4419 the
546 4369 660 4434 spiritual
677 4369 733 4418 seed
785 4369 887 4429 χομένου
898 4369 930 4416 etr
942 4367 1098 4415 αὑτὸν...τοῦ
1109 4367 1196 4414 ἄνωθεν
1209 4367 1328 4426 Σωτῆρος.

179 4453 209 4502 oi
217 4453 360 4502 Achamoth
373 4469 422 4501 was
433 4451 519 4502 united
536 4456 563 4500 at
575 4451 685 4516 baptism
699 4452 734 4517 by
833 4447 844 4479 ⁴
851 4447 982 4510 plemam,
991 4447 1078 4496 LXX.
1089 4449 1236 4507 κλαύσωμεν,
1246 4445 1336 4494 itm)

179 4535 223 4586 the
233 4535 334 4585 deceant
345 4536 372 4584 ol
382 4535 461 4586 Soter.
497 4531 732 4598 SeeVol.1.p.61,
785 4531 878 4594 having
888 4529 1059 4579 beenreades
1073 4528 1152 4578 r'ffll.

179 4621 239 4667 note
254 4632 274 4668 ι.
831 4611 841 4643 ⁵
858 4615 950 4672 μηνύων
962 4613 999 4661 ὅτι
1010 4611 1044 4670 μὴ
1056 4611 1188 4660 πλανᾶσθε.
