3292 5068
606 405 883 460 TESTIMONIUM.
1275 388 1318 452 41

161 559 304 640 Domini,
331 569 364 626 et
379 564 389 604 ¹
402 561 541 648 regulam
563 560 703 626 veritatis
727 559 916 626 constituere
939 558 972 623 in
995 557 1147 637 Ecclesia,
1173 557 1246 644 quia
1268 565 1318 624 est
1338 577 1474 668 nupia.

159 682 246 727 unus
268 663 358 728 Deus
377 663 584 748 omnipotens,
617 662 669 750 qui
691 684 747 748 per
766 661 907 726 Verbum
928 682 1020 726 suum
1041 660 1147 726 omnia
1176 659 1260 738 lecit,
1284 655 1471 760 etQ-,31¹1

158 763 296 830 visibilia
317 774 350 831 et
369 765 551 841 invisibilia;
578 765 758 852 significans
777 786 906 852 quoque,
925 763 1071 850 quoniam
1093 763 1315 850 perverbum,
1331 767 1478 852 j}—

157 889 217 953 per
232 868 316 953 quod
332 869 419 933 Deus
433 869 562 955 perfecit
576 869 794 946 conditionem,
809 867 843 931 in
863 868 922 932 hoc
942 877 975 932 et
995 867 1128 932 salutem
1147 866 1197 930 his
1216 865 1317 951 quiin

159 969 341 1035 conditione
359 979 433 1036 sunt
447 971 593 1057 praestitit
612 971 808 1044 hominibus;
834 969 880 1035 sic
902 970 1058 1035 inchoavit
1077 970 1109 1034 in
1124 991 1162 1034 ea
1175 991 1244 1056 quae
1267 976 1316 1033 est

158 1073 334 1137 secundum
361 1073 565 1160 Evangelium
589 1074 747 1139 doctrina:
779 1073 823 1138 In
838 1074 1091 1160 praeemineret
1124 1071 1264 1150 Verbera,
1288 1081 1459 1136 atrorum-u

166 1174 302 1240 Verbum
315 1187 382 1242 erat
396 1177 484 1262 aprrd
496 1177 608 1256 Deum,
623 1187 652 1242 et
665 1177 751 1241 Deae
763 1187 832 1242 erat
852 1175 1003 1241 Veram.-
1024 1176 1077 1241 hoo
1091 1185 1159 1242 erat
1176 1176 1210 1240 in
1223 1176 1316 1262 prin·

159 1278 245 1364 cipio
260 1279 349 1364 opud
359 1279 468 1344 Deam.
502 1280 614 1344 Omnia
623 1301 686 1365 per
699 1280 900 1365 apanmsaetn
913 1288 994 1358 amr,
1007 1288 1035 1344 et
1048 1279 1112 1343 rino
1122 1278 1186 1364 ipro
1191 1280 1317 1363 factem

159 1390 203 1444 eat
233 1380 324 1446 nihil.
369 1381 475 1461 'Quod
489 1385 615 1466 scotum
636 1391 686 1459 ert,
709 1382 746 1446 in
767 1383 833 1467 ipae
855 1383 921 1446 nita
944 1391 1021 1462 erat,
1036 1391 1065 1446 et
1086 1383 1151 1446 rita
1173 1390 1242 1446 erat
1262 1381 1317 1446 hro

158 1480 328 1563 dominnm,
344 1493 374 1550 et
387 1485 442 1550 len
455 1485 490 1549 in
507 1485 636 1550 tenebris
651 1485 738 1564 lacet,
754 1496 782 1551 et
796 1484 925 1551 tenebrae
940 1508 1007 1550 eom
1021 1508 1081 1551 non
1095 1485 1316 1572 conprehendc·

158 1597 249 1653 ruant.
295 1588 418 1667 Omnia,
441 1589 552 1674 inquit,
570 1610 633 1675 per
646 1590 746 1675 ipranm
759 1590 854 1674 sorta
867 1599 939 1654 eunt
947 1617 958 1664 ;
983 1589 1016 1654 in
1030 1589 1165 1655 mnilite
1179 1610 1253 1678 ergo
1267 1597 1317 1655 est

157 1697 192 1756 et
207 1691 280 1756 haec
294 1713 364 1778 quae
385 1693 556 1757 secundum
569 1713 628 1758 nos
642 1699 691 1758 est
706 1692 862 1758 conditio:
887 1714 950 1758 non
964 1693 1048 1758 enim
1062 1693 1247 1758 concedetur
1260 1693 1316 1771 eis,

157 1797 266 1861 omnio
286 1794 347 1860 dici
361 1817 399 1860 ea
413 1817 482 1882 quae
497 1805 571 1862 aunt
585 1796 684 1862 ³inlra
700 1793 845 1862 Pleroma
859 1796 1008 1882 ipsorum.
1053 1796 1087 1860 Si
1101 1797 1184 1862 enim
1202 1805 1235 1862 et
1249 1796 1317 1863 haec

160 1897 312 1964 Pleroma
339 1899 477 1984 ipsorum
506 1899 655 1976 continet,
685 1920 748 1963 non
773 1907 864 1964 extra
891 1907 941 1964 est
969 1907 1058 1964 tanta
1086 1900 1148 1964 ista
1170 1899 1317 1977 conditio,

160 2001 426 2087 quemadmodum
440 2001 632 2067 ostendimus
646 2001 679 2066 in
693 2023 731 2067 eo
745 2001 823 2067 libro
838 2001 891 2088 qui
905 2010 979 2068 ante
989 2003 1072 2068 hunc
1086 2010 1153 2077 est;
1170 2003 1197 2067 si
1212 2011 1318 2068 autem

160 2112 254 2169 extra
271 2104 416 2170 Pleroma
430 2113 504 2169 sunt
517 2105 596 2180 haee,
612 2104 695 2189 quod
710 2105 834 2191 quidem
854 2105 1042 2191 impossihile
1060 2104 1159 2170 visum
1176 2113 1234 2185 est,
1250 2108 1318 2193 jam

160 2228 226 2272 non
248 2215 298 2272 est
313 2210 417 2274 omnio
433 2208 578 2272 Pleroma
598 2207 756 2292 ipsorum:
780 2229 843 2272 non
864 2218 913 2273 est
935 2231 1011 2295 ergo
1033 2217 1120 2274 entra
1139 2209 1207 2274 haec
1229 2217 1318 2275 tanta

160 2311 312 2377 conditio.
357 2311 500 2376 Abstulit
523 2318 630 2375 autem
652 2331 672 2375 a
694 2309 785 2375 nohis
811 2309 1018 2376 dissensiones
1041 2333 1149 2378 omnes
1170 2313 1237 2398 ipse
1259 2312 1317 2378 Jo-

159 2411 293 2492 hannes,
309 2414 434 2479 dicens:
458 2415 520 2479 4Ιιι
535 2413 589 2479 doc
609 2414 722 2478 mundo
736 2423 812 2492 erat,
827 2423 855 2479 er
869 2415 998 2480 mundns
1012 2438 1075 2501 per
1094 2418 1195 2501 harem
1207 2419 1317 2502 sacten
1329 2433 1400 2518 iim
1411 2436 1462 2475 ¹⁰02

160 2523 212 2594 ert,
228 2525 258 2580 et
272 2515 403 2580 mundae
417 2536 485 2581 eam
499 2537 558 2580 non
573 2515 718 2601 raynerii.
762 2515 805 2578 In
819 2537 878 2580 aaa
886 2517 1022 2601 proprio
1037 2518 1128 2595 uenit,
1144 2527 1172 2582 et
1185 2519 1236 2582 ani
1249 2542 1316 2584 enm
1353 2508 1358 2518 ’

159 2639 221 2684 non
236 2628 423 2705 receperant.
468 2618 646 2684 Secundum
665 2627 771 2684 autem
788 2619 1001 2686 ‘Marcionem
1015 2629 1048 2686 et
1062 2642 1117 2686 eos
1132 2622 1184 2708 qui
1198 2622 1316 2688 similes

160 2731 236 2788 sunt
251 2722 291 2801 ei,
306 2745 406 2810 neque
418 2723 552 2788 mundus
566 2745 621 2810 per
636 2745 707 2788 eum
722 2723 825 2787 lactus
839 2731 904 2797 est;
923 2745 1021 2810 neque
1036 2724 1069 2789 in
1083 2746 1140 2790 sua
1155 2726 1249 2804 venit,
1261 2727 1317 2792 sed

162 2824 194 2890 in
216 2826 328 2893 aliena.
373 2827 550 2893 Secundum
571 2835 677 2892 autem
700 2825 851 2914 quosdam
869 2825 1100 2908 Gnosticorum,
1115 2829 1174 2894 ⁸ab
1195 2829 1316 2918 angelis

211 3050 438 3112 ’thamarim
458 3052 615 3115 περιγράφειν
630 3051 656 3100 in
673 3052 716 3101 the
762 3049 822 3100 aatr'a
837 3067 969 3114 caprearum
987 3051 1053 3102 videa
1073 3068 1151 3115 mpero
1167 3053 1208 3104 lit.
1223 3065 1242 3102 1.
1259 3068 1313 3116 cap.

161 3147 233 3182 sense
251 3133 280 3182 oi
297 3133 433 3197 cancelling
450 3133 483 3198 by
500 3134 665 3194 obliteration,
687 3149 715 3182 as
766 3147 795 3197 19
814 3132 845 3198 [1.
866 3133 915 3198 77],
942 3142 962 3183 at
984 3135 1025 3184 lid.
1047 3147 1077 3185 11.
1097 3151 1151 3198 cop.
1172 3149 1185 3183 a
1203 3134 1234 3200 [1.
1249 3135 1315 3201 256],

161 3213 204 3262 the
221 3214 291 3262 word
307 3215 328 3264 is
344 3215 404 3263 used
424 3215 459 3279 by
475 3215 629 3276 AEsufflnlts,
652 3232 715 3278 περι·
760 3229 837 3277 prope
848 3213 931 3276 finem,
944 3231 986 3264 nec
1002 3231 1050 3264 non
1066 3215 1096 3264 in
1112 3215 1155 3264 hoc
1171 3215 1223 3279 ipro
1239 3217 1317 3279 eapite

161 3296 275 3359 ’γράψετέ
286 3313 317 3354 με
329 3298 355 3344 ἐκ
366 3297 409 3355 τῆς
420 3297 551 3346 πολιτείας.
765 3293 806 3359 [11.
817 3295 867 3359 48].
896 3297 963 3346 llrrde
971 3313 1019 3346 non
1027 3305 1085 3346 recta
1093 3297 1119 3346 in
1129 3297 1193 3347 editt.
1203 3297 1317 3360 periodus

210 3377 220 3409 ¹
239 3376 307 3426 Once
326 3393 394 3426 mora
413 3393 450 3426 we
467 3394 526 3442 may
542 3379 643 3428 observo
659 3377 716 3426 that
763 3375 817 3425 retia
834 3378 959 3426 chruditur
978 3379 1060 3439 nerdir,
1074 3379 1141 3443 quod
1152 3381 1247 3429 lactum
1267 3387 1312 3432 est.

161 3456 187 3505 in
205 3460 249 3508 tho
266 3460 363 3508 earliest
383 3475 429 3523 age
446 3460 474 3508 ol
491 3461 535 3508 the
553 3459 653 3508 Ghurch
672 3461 716 3508 the
765 3457 815 3508 Ga.
839 3458 866 3507 It
877 3475 935 3523 may
943 3460 975 3508 be
986 3461 1105 3510 ohserved
1113 3461 1169 3510 that
1177 3463 1221 3510 the
1230 3462 1316 3525 Syriae

161 3536 227 3589 Rule
238 3540 266 3588 ol
276 3539 357 3590 Truth
364 3556 392 3588 οι
399 3541 477 3590 Greed
484 3541 532 3590 had
542 3541 716 3590 aco-ordinate
764 3555 849 3602 agrees
860 3539 920 3589 with
934 3541 977 3589 the
992 3543 1102 3591 received
1114 3544 1279 3607 punctuation
1290 3545 1319 3593 ol

162 3623 225 3670 rank
237 3623 352 3685 assigned
363 3628 391 3671 to
399 3623 419 3670 it
427 3623 487 3671 with
495 3623 564 3688 Holy
573 3624 700 3688 Scriptura
707 3640 714 3683 ;
763 3623 807 3670 tna
819 3622 908 3672 Sacred
919 3623 990 3674 Text.

161 3703 211 3751 and
222 3703 262 3752 lor
273 3704 315 3752 the
325 3703 412 3768 simple
419 3721 513 3764 remon,
524 3706 580 3754 that
588 3705 716 3755 theGreed
813 3702 824 3735 ³
840 3703 924 3767 Infra,
944 3721 971 3754 aa
989 3705 1126 3768 elsewhere,
1144 3707 1171 3755 in
1187 3709 1230 3756 the
1246 3724 1317 3758 sense

161 3782 188 3831 in
210 3801 279 3834 nome
305 3786 369 3834 lorm
395 3786 489 3836 aisted
517 3787 543 3835 in
569 3788 612 3836 the
634 3787 716 3836 infant
763 3786 792 3835 of
810 3786 884 3848 imre,
905 3805 938 3836 an
960 3805 1036 3852 usage
1058 3790 1086 3838 of
1104 3789 1167 3838 later
1189 3790 1317 3855 Latinity;

163 3863 271 3927 (lhuroh,
290 3868 362 3916 when
382 3883 409 3916 as
428 3873 471 3932 yet
489 3869 510 3916 it
527 3869 653 3932 possessed
670 3875 715 3918 not
764 3868 864 3917 whence
874 3869 917 3918 the
929 3869 1021 3918 Italian
1027 3869 1083 3932 fro,
1097 3871 1168 3920 inter.

162 3947 205 3996 the
221 3949 331 4013 inspired
347 3950 434 3998 Canon
451 3950 479 3998 oi
492 3951 535 3999 the
551 3951 616 4000 New
631 3951 715 4000 Testa·
812 3947 823 3980 ⁴
839 3949 873 3998 In
888 3949 932 3998 hoc
943 3951 1041 4000 ruendo.
1073 3951 1126 4000 The
1144 3953 1275 4015 quotation
1295 3955 1316 4003 is

163 4035 239 4080 ment.
274 4031 319 4079 See
331 4044 349 4080 1.
362 4031 397 4080 iii.
410 4032 607 4092 xv.111.i.-iv.,
621 4033 712 4082 andei.
763 4029 883 4094 similarly
899 4031 972 4080 mado
991 4032 1079 4094 below,
1098 4049 1123 4097 p.
1137 4035 1185 4094 428
1197 4035 1238 4096 G.,
1255 4036 1316 4085 indi-

162 4107 227 4161 Hr'et.
239 4111 292 4160 ond
301 4111 380 4161 llreol.
394 4112 567 4175 ostheOreeda,
585 4129 670 4176 1-33.
762 4113 847 4176 cating
867 4113 946 4161 either
964 4115 988 4162 ἐν
1005 4117 1082 4176 τούτῳ
1098 4117 1134 4177 τῷ
1150 4118 1232 4178 κόσμῳ
1248 4117 1277 4178 ἧν
1290 4119 1316 4168 in

211 4207 222 4239 ¹
240 4209 310 4269 Quod
320 4210 418 4274 sonum
431 4219 470 4272 eat,
483 4211 511 4262 in
524 4212 576 4274 ipro
589 4212 638 4261 vito
653 4220 711 4262 erat.
762 4211 805 4259 the
822 4211 912 4269 Greek,
934 4179 1048 4272 οιῙΟΟῚ
1075 4179 1143 4271 ὶΙσΙ

164 4287 205 4338 Ιια
215 4292 241 4342 S.
255 4292 363 4341 Jonnnia
373 4294 536 4356 nennjrmc
547 4294 621 4343 codd.
632 4295 715 4343 Arun-
763 4294 789 4341 in
801 4293 843 4341 the
856 4293 948 4357 Syriae.

164 4367 208 4420 del.
221 4387 250 4420 ar
267 4371 329 4421 Vera.
343 4371 489 4435 dietinpnerr
499 4373 600 4435 placed,
609 4381 716 4423 ananie
813 4373 823 4405 ⁵
840 4373 1015 4426 Marcionem„
1025 4377 1123 4438 ¹aliona
1132 4379 1190 4430 Vol.
1200 4393 1218 4428 1.
1230 4378 1314 4445 pnrfi.

164 4464 211 4500 non
222 4454 298 4502 ωιιιιιι
310 4455 465 4516 Tertulliani,
477 4455 594 4518 Orrpmic,
605 4455 713 4516 Hilarii,
813 4454 824 4487 ⁰
841 4457 893 4505 The
910 4457 1011 4507 Gutta.
1030 4475 1093 4524 copy
1109 4461 1167 4510 here
1183 4462 1272 4511 inserts
1284 4462 1314 4522 ai,

167 4530 274 4596 Geyorn
286 4535 443 4596 Nazianzenl,
460 4535 558 4600 Opn'lli,
569 4536 712 4599 Auentini,
763 4543 790 4587 to
809 4539 889 4588 which
909 4541 952 4589 the
969 4541 1081 4603 apodoaia
1100 4542 1240 4604 follows,et
1257 4560 1313 4604 non,

165 4611 324 4680 Hieronem,-
340 4617 382 4668 κά
392 4625 413 4668 rt
427 4617 506 4681 ipsine
522 4617 625 4671 Isari:
641 4633 715 4682 quam
763 4621 805 4670 hc.
819 4623 925 4686 perhaps
935 4629 962 4670 ot
973 4639 1027 4684 non,
1042 4623 1099 4672 ἀλλ’
1111 4627 1144 4672 οὑ.
