3270 5116
338 351 405 426 478
815 373 842 426 s.
870 373 1021 426 renum

340 530 455 622 λόγος,
486 534 528 608 ὡς,
555 528 765 626 αὖτιξοῦσιοι
793 533 890 614 αι’κτῆι·
918 528 1117 632 ὑπάρχουσα
1144 531 1283 616 δύναμιν.
1349 532 1506 614 θέλησῖς

339 643 414 714 ἔστι
442 648 512 721 νοῦς
539 643 713 743 ὀρεκτικός,
742 644 796 716 καὶ
826 641 1012 729 διανοητικὴ
1039 643 1154 746 ὄρεξις,
1179 644 1263 744 πρὸς
1289 643 1332 720 τὸ
1361 643 1506 726 θεληθὲν

350 756 358 780 9
443 756 451 782 Ι

342 787 546 827 επινευουσα.

405 963 467 1030 VI.
497 962 674 1029 Immensus
688 986 760 1030 cunr
774 965 817 1029 sit
832 964 931 1043 Deus,
945 971 979 1029 et
993 963 1101 1029 mundi
1117 965 1232 1051 opifex,
1247 972 1342 1050 atque
1357 961 1498 1048 omnipo

339 1071 421 1144 tens,
442 1065 595 1132 immensa
616 1076 649 1133 et
669 1067 776 1132 mundi
798 1068 909 1153 opifice
928 1076 1024 1152 atque
1043 1067 1251 1152 omnipotenti
1271 1066 1440 1142 voluntate,
1465 1076 1498 1131 et

340 1169 452 1234 effectu
463 1190 554 1248 novo,
563 1177 707 1255 potenter
721 1177 754 1236 et
768 1170 935 1235 efficaciter
949 1169 1034 1248 fecit,
1049 1179 1085 1234 ut
1100 1169 1202 1234 omnis
1216 1169 1376 1255 plenitudo
1387 1189 1497 1233 eorum

340 1293 411 1359 quae
425 1279 501 1338 nate
514 1281 589 1338 sunt
604 1273 637 1337 in
651 1281 755 1338 ortum
772 1273 922 1349 venirent,
941 1295 1014 1338 oum
1027 1281 1122 1338 antea
1136 1295 1199 1336 non
1214 1279 1328 1349 essent,
1349 1271 1497 1358 quicquid

340 1373 461 1440 scilicet
483 1375 542 1440 suh
573 1383 735 1460 aspectum
760 1395 823 1439 non
848 1373 942 1451 cadit,
964 1383 997 1439 et
1023 1373 1169 1461 quioquid
1198 1373 1297 1439 oculis
1321 1373 1496 1459 subjicitur.

341 1477 449 1562 Atque
463 1477 542 1542 adeo
556 1477 695 1543 continet
713 1475 845 1564 singula,
861 1485 893 1542 et
907 1477 948 1542 ad
963 1477 1122 1564 proprium
1143 1475 1285 1561 perducit
1307 1475 1438 1554 exitum,
1455 1477 1495 1567 ob
1599 1495 1600 1564 j

341 1601 434 1664 quem
449 1579 587 1645 excitata
600 1587 674 1644 sunt
688 1585 721 1644 et
734 1588 819 1652 nata,
832 1579 916 1644 nullo
928 1581 1022 1646 modo
1036 1581 1069 1644 in
1081 1579 1164 1644 aliud
1178 1601 1272 1664 quam
1283 1578 1370 1666 prius
1382 1587 1495 1642 natura
1599 1565 1600 1600 l

340 1681 453 1757 l'uerst,
474 1687 730 1746 transmutatum.
775 1679 858 1745 Nam
881 1681 1041 1768 proprium
1062 1681 1122 1746 hoc
1140 1689 1189 1745 est
1211 1679 1399 1766 operationis
1421 1680 1494 1758 Dei,

340 1803 404 1847 non
428 1781 462 1846 in
484 1781 670 1848 infinitatem
693 1803 804 1848 sensus
829 1791 954 1848 tanturn
977 1783 1132 1871 progredi,
1158 1790 1214 1847 sut
1237 1792 1376 1847 mentem
1398 1782 1494 1847 etiam

339 1883 525 1971 transgredi,
551 1884 704 1951 rationem
734 1894 767 1950 et
791 1886 973 1964 orationem,
996 1894 1121 1971 tempus
1144 1893 1177 1951 et
1201 1885 1305 1950 locum
1336 1895 1370 1951 et
1404 1907 1496 1951 omne
1599 1877 1600 1946 j

339 2010 461 2066 aevum
491 2011 597 2055 verum
618 1989 715 2056 etiam
736 1990 886 2056 excedere
907 1990 1117 2055 substantiam
1138 1997 1171 2055 et
1192 1988 1419 2074 plenitudinem
1440 2010 1496 2053 seu
1599 2045 1600 2076 5

341 2090 573 2178 perfectionem.
1599 2087 1600 2102 ¹

879 2297 963 2363 Vll.

420 2455 494 2528 ιΤὂ
519 2455 555 2527 δὲ
584 2457 617 2527 ἕν
645 2460 778 2555 κυριακῇ
796 2455 841 2538 μὴ
868 2456 988 2526 κλίνειν
1015 2456 1105 2548 γόνυ,
1131 2455 1309 2544 σύμβολόν
1336 2455 1412 2526 ἔστι
1437 2463 1495 2538 τῆς

342 2567 564 2655 ἀναστάσεως,
586 2567 627 2640 δι’
644 2571 677 2652 'lt
696 2572 740 2662 τῇ
756 2575 819 2642 τοῦ
832 2568 994 2667 Χριστοῦ
1009 2567 1137 2667 χάριτι,
1156 2573 1222 2640 τῶν
1236 2599 1277 2640 τε
1295 2567 1495 2666 ἅμαρτημά-

339 2715 415 2768 των,
446 2683 500 2754 καὶ
529 2689 592 2755 τοῦ
620 2683 669 2752 ἐπ’
694 2682 798 2752 αὐτῶν
825 2681 1116 2765 “τεθανατωμὲνου
1145 2678 1290 2752 θανάτου
1318 2683 1496 2780 ἡλκυθερῶ-
1599 2671 1600 2732 3

340 2802 450 2880 θημεν.
504 2795 569 2866 Ἐκ
595 2800 661 2868 τῶν
687 2795 923 2866 ἆτοστολικῶν
946 2792 1126 2894 δὲχρόνωυ
1146 2795 1321 2877 ἡτοιαύτη
1341 2792 1494 2876 συνήθεια

337 3019 411 3105 ejus
425 3017 522 3083 libera
536 3023 694 3103 potestate
715 3017 858 3103 praedita.
903 3017 1062 3085 Voluntas
1081 3027 1132 3084 est
1146 3041 1235 3086 mens
1248 3019 1416 3106 appetendi
1430 3019 1493 3084 uim

338 3121 483 3288 lm}
496 3127 530 3184 et
558 3118 717 3204 appetitus
743 3117 896 3185 rationem
924 3143 1069 3207 sequeus,
1095 3123 1128 3187 in
1154 3123 1186 3188 id
1218 3123 1301 3211 quod
1337 3121 1495 3209 expetitur

417 3339 499 3406 v11.
545 3339 618 3406 Non
632 3339 765 3407 flectere
773 3349 880 3408 autem
894 3365 978 3430 genu
1000 3343 1169 3410 Dominioo
1183 3345 1244 3425 die,
1258 3345 1494 3411 resurrectionis

335 3445 385 3511 est
399 3443 597 3532 significatio,
613 3467 675 3530 qua
689 3467 745 3532 per
765 3443 883 3511 Christi
904 3445 1039 3532 gratiam
1054 3456 1086 3513 et
1100 3469 1121 3512 a
1135 3449 1281 3535 peccatis,
1300 3457 1333 3513 et
1347 3471 1368 3513 a
1381 3457 1492 3528 morte,

175 3585 240 3624 ιω,
249 3595 283 3626 ι,
304 3569 406 3636 ,ανον
421 3547 454 3612 in
469 3547 521 3612 illo
536 3547 701 3614 interfecte
715 3555 774 3627 est,
790 3547 911 3612 liberati
926 3569 1046 3616 surmus.
1085 3551 1167 3617 Haec
1180 3560 1287 3617 autern
1301 3552 1493 3618 consuetudo

171 3648 291 3688 ’ΜΗ
334 3653 376 3717 ab
402 3648 630 3736 Apostolorum
651 3649 846 3736 temporibus
873 3649 980 3735 coepit,
1007 3653 1268 3736 quemadmodum
1296 3653 1348 3726 ‚ait
1382 3656 1493 3721 beatus

384 3829 435 3880 v1.
469 3830 577 3880 Neither
596 3831 648 3880 this
665 3847 713 3879 nor
729 3831 772 3880 the
789 3830 889 3896 preced·
939 3831 1016 3881 Jcsr.
1036 3831 1076 3882 M.
1110 3833 1170 3884 This
1184 3835 1287 3885 citetion
1305 3835 1350 3884 bas
1366 3836 1398 3884 ite
1410 3834 1490 3895 velue,

334 3913 378 3977 ing
392 3911 518 3976 fragment
539 3927 603 3960 were
617 3911 762 3961 considered
777 3917 805 3961 to
825 3913 889 3960 have
938 3909 1036 3977 though
1055 3915 1077 3964 it
1095 3931 1154 3981 may
1169 3921 1215 3966 not
1235 3931 1348 3980 preserve
1365 3917 1410 3966 the
1426 3916 1493 3980 e'per'e
1599 3913 1600 3916 '

333 4009 384 4062 eny
401 4007 465 4061 rery'
478 4001 549 4060 great
561 3997 654 4060 waight
670 3997 699 4045 ot
714 3995 843 4060 euthority
854 3995 890 4060 by
937 3995 1084 4046 aimon-bn
1099 3998 1128 4046 ol
1139 3997 1274 4047 Ismcs.
1304 3997 1493 4060 liuprammo
1599 4027 1600 4032 =

334 4081 444 4140 (imm
462 4079 536 4143 they
560 4091 624 4128 were
649 4078 705 4127 first
732 4077 832 4142 prhrted
855 4077 889 4142 by
940 4075 1148 4144 Ιίοαακιῖυιιιὶαυ,
1163 4079 1323 4141 κατ’ἐξυχήν.
1599 4089 1600 4096 ’

334 4161 506 4221 hunnum,
527 4161 583 4210 who
601 4159 719 4210 obtained
737 4160 806 4209 them
824 4159 888 4209 from
935 4213 941 4226 ,
987 4157 999 4192 ¹
1025 4161 1078 4210 The
1104 4161 1182 4212 MSS.
1205 4163 1273 4212 show
1299 4161 1343 4210 the
1370 4162 1493 4226 marginal
1599 4165 1600 4168 ’

335 4241 430 4301 Faber;
456 4257 490 4290 no
512 4242 644 4303 reference,
667 4242 789 4301 however,
813 4241 889 4305 being
937 4241 1041 4306 reading
1055 4244 1225 4306 τετρυμένον.
1263 4243 1358 4293 Gsm
1375 4259 1493 4308 proposes
1599 4295 1600 4306 ¹

333 4321 610 4387 givenasregardsthe
620 4337 707 4372 source
715 4321 779 4372 lrom
789 4322 888 4371 whence
938 4325 1005 4385 αὐτῷ
1014 4323 1150 4374 feretro.
1185 4325 1272 4374 Mass.
1285 4323 1409 4374 ἐτίιύτοΰ
1418 4325 1492 4374 refer·

333 4403 384 4452 this
406 4403 484 4453 Latin
504 4404 602 4452 version
622 4420 674 4454 was
691 4403 799 4454 derived.
841 4403 887 4452 See
936 4403 995 4468 ring
1010 4409 1038 4454 to
1055 4405 1154 4466 Christ3
1173 4407 1217 4456 the
1232 4405 1378 4455 manshun
1391 4405 1452 4456 read
1467 4409 1492 4456 ἐν

334 4485 431 4534 Introd.
444 4484 536 4534 clxviii.
937 4487 1011 4547 αὐτῷ.
1038 4487 1082 4538 f.l.
1107 4483 1147 4537 ὑπ’
1165 4489 1246 4549 αὑτοῦ,
1272 4487 1321 4536 and
1343 4503 1492 4550 compares

383 4563 447 4612 VII.
483 4563 556 4623 ¹Qu.
575 4565 676 4628 etReep.
695 4565 730 4614 od
746 4565 811 4616 oio.
830 4581 882 4628 ¹¹5,
935 4568 1030 4617 similar
1040 4575 1176 4620 statement
1186 4571 1212 4619 in
1226 4569 1281 4634 Syr.
1296 4569 1338 4619 Fr.
1351 4569 1419 4619 xxiv.
