3276 5086
318 368 385 437 300
746 381 883 438 rmum
908 381 1066 438 uramur

179 557 281 644 {223¹}
320 539 435 642 φατὸς
463 541 537 626 μετ’
565 538 708 636 ἆνᾶγκης
733 537 1030 635 δονλαγαγοῦντὸς
1061 571 1146 625 τινα,
1178 544 1263 625 μήτε
1293 545 1357 614 τοῦ
1383 541 1477 612 θεοῦ

179 650 272 736 ‘ffi'
318 652 529 756 βιαζομένου,
562 657 591 726 α’
619 655 665 740 μὴ
694 657 786 726 θέλοι
819 686 871 732 τις
903 664 1088 750 κατασχεῖν
1116 653 1218 726 αὐτοῦ
1247 654 1309 738 τὴν
1339 654 1475 750 τέχνην.

169 741 297 829 ξῗξῗῖιαν’
319 763 376 837 Τὰ
408 765 462 839 οὖν
490 765 693 840 ἀποστάντα
726 773 791 839 τοῦ
826 773 992 867 πατρικοῦ
1023 764 1147 866 φωτὸς,
1177 765 1231 838 rui
1263 763 1473 866 παραβάντα

318 877 379 953 τόν
399 877 524 964 θεσμὸν
540 888 599 964 τῆς
615 879 807 979 ἐλευθερίας,
825 877 918 979 παρὰ
935 879 996 962 τὴν
1013 881 1118 951 αὐτῶν
1135 879 1332 964 ἀπέστησαν
1350 879 1475 964 αἰτίαν,

318 991 472 1093 ἐλεύθερα
492 991 546 1064 καὶ
563 989 761 1090 αὐτεξούσια
778 992 838 1076 τὴν
855 993 986 1086 γνώμην
1005 989 1188 1084 γεγονότα.

318 1195 407 1263 Deus
424 1204 517 1285 coget
538 1217 620 1277 eum,
642 1195 695 1283 qui
716 1195 795 1262 nolit
811 1194 970 1261 continere
988 1191 1057 1280 ejus
1073 1199 1184 1258 artem
1223 1191 1285 1275 Qui
1304 1191 1400 1280 igitur
1416 1192 1474 1258 ab·

317 1302 466 1366 stiterunt
493 1322 514 1366 a
531 1307 662 1386 paterno
685 1297 812 1378 lumine,
834 1305 867 1363 et
886 1296 1074 1384 transgressi
1096 1303 1171 1361 sunt
1186 1293 1287 1384 legem
1307 1295 1473 1374 libertatis,

317 1423 373 1488 per
386 1423 476 1467 suam
489 1401 678 1467 abstiterunt
692 1401 825 1486 culpam,
840 1398 929 1464 liberi
944 1397 1064 1464 arbitrii
1079 1407 1112 1464 et
1125 1420 1191 1464 suae
1205 1397 1371 1485 potestatis
1384 1398 1474 1464 facti.

317 1503 407 1570 Deus
426 1511 532 1568 autem
554 1503 658 1568 omnia
678 1503 855 1590 praesciens,
876 1502 1016 1588 utrisque
1036 1509 1128 1588 aptas
1146 1501 1333 1589 praeparavit
1350 1499 1474 1566 hahita-

316 1603 438 1669 tiones:
454 1605 500 1669 eis
512 1604 637 1690 quidem
649 1604 701 1690 qui
716 1604 877 1688 inquirunt
890 1603 995 1668 lumen
1009 1602 1320 1688 incormptibititatis,
1335 1602 1423 1667 etad
1437 1601 1474 1666 id

316 1715 488 1786 recurrunt,
512 1707 646 1794 benigne
669 1707 789 1772 donans
810 1707 870 1772 hoc
893 1707 976 1794 quod
1001 1707 1224 1792 concupiscunt
1249 1706 1373 1780 lumen:
1399 1704 1475 1770 aliis

315 1809 431 1876 veroid
443 1809 723 1888 contemnentibus,
738 1817 771 1875 et
785 1810 996 1876 avertentibus
1010 1831 1045 1876 se
1060 1811 1102 1875 ab
1117 1831 1155 1875 eo
1169 1817 1203 1875 et
1222 1809 1255 1874 id
1267 1807 1472 1896 fugientibus,

315 1917 349 1978 et
363 1912 451 1998 quasi
466 1912 651 2000 semetipsos
668 1913 909 1992 excaecantibus,
928 1919 1135 2000 congruentes
1151 1911 1262 1976 lumini
1279 1908 1472 1976 adversaoti-

315 2016 374 2082 bus
385 2015 570 2102 praeparavit
581 2018 737 2097 tenebras,
750 2025 783 2084 et
794 2017 861 2082 ¹his
872 2017 925 2104 qui
937 2015 1098 2104 fugiuntei
1107 2013 1326 2101 essesubjecti‚
1342 2017 1472 2077 ’conve-

315 2116 413 2183 nienti
425 2117 564 2184 subdidit
578 2139 691 2204 poenae.
728 2118 889 2206 Subjectio
906 2125 1014 2183 autem
1029 2117 1090 2184 Dei
1104 2115 1255 2204 requietio
1268 2123 1317 2182 est
1331 2123 1469 2180 aeterna:

315 2225 352 2284 ut
365 2218 398 2283 hi
414 2217 467 2305 qui
482 2219 608 2308 fugiunt
621 2220 737 2301 lumen,
753 2221 882 2309 dignum
896 2221 979 2309 iugae
993 2243 1059 2286 suae
1073 2219 1210 2286 habeant
1223 2220 1347 2294 locum:
1367 2225 1400 2284 et
1415 2217 1471 2303 qui

315 2321 438 2408 fugiunt
452 2330 604 2389 aeternam
618 2323 766 2412 requiem,
782 2332 1004 2411 congruentem
1019 2325 1100 2410 sugae
1115 2343 1181 2388 suae
1198 2323 1334 2387 habeant
1347 2319 1471 2384 habita·

315 2424 443 2492 tionem.
474 2427 554 2492 Oum
568 2435 675 2493 autem
688 2427 772 2514 apud
787 2427 891 2492 Deum
905 2427 1010 2492 omnia
1023 2427 1087 2492 sint
1101 2428 1193 2505 bona,
1208 2425 1261 2514 qui
1276 2447 1316 2492 ex
1326 2445 1384 2489 sua
1397 2445 1470 2488 sen·

314 2528 415 2594 tentia
428 2527 551 2616 fugiunt
566 2529 679 2610 Deum,
695 2529 879 2616 semetipsos
893 2531 933 2594 ab
948 2527 1092 2595 omnibus
1106 2527 1251 2593 fraudant
1264 2527 1370 2592 bonis:
1386 2525 1470 2590 irau-

315 2630 381 2696 dati
394 2639 501 2698 autem
512 2633 656 2699 omnibus
670 2654 745 2720 erga
760 2632 864 2697 Deum
879 2631 978 2712 bonis,
988 2639 1213 2718 consequenter
1227 2629 1260 2695 in
1274 2629 1336 2695 Dei
1346 2629 1470 2715 justum

310 2733 464 2820 judicium
479 2736 627 2802 incident.
665 2735 727 2817 Qui
742 2734 825 2800 eninr
840 2735 964 2821 fugiunt
977 2735 1126 2822 requiem,
1138 2735 1224 2821 juste
1239 2734 1272 2799 in
1286 2755 1380 2820 poena
1394 2753 1469 2798 con-

314 2838 536 2902 versabuntur:
556 2837 655 2923 etqui
675 2838 822 2923 fugerunt
838 2837 952 2915 lumen,
966 2837 1053 2924 juste
1072 2836 1291 2903 inhabitabunt
1310 2837 1467 2902 tenebras.

316 2939 585 3019 Quemadmodum
605 2947 711 3004 autem
725 2939 759 3003 in
778 2939 838 3005 hoc
853 2939 1014 3026 temporali
1030 2939 1156 3017 lumine,
1177 2939 1230 3026 qui
1243 2940 1368 3026 fugiunt
1381 2937 1468 3016 iliud,

315 3040 400 3127 ipsos
418 3062 452 3105 se
467 3041 604 3106 tenebris
623 3040 821 3126 mancipant:
843 3041 890 3106 ita
908 3051 944 3107 ut
957 3047 1007 3107 ⁸et
1021 3041 1080 3127 ipsi
1093 3041 1152 3106 sibi
1169 3063 1264 3108 causa
1280 3043 1367 3120 fiant,
1383 3041 1468 3128 quod

315 3141 528 3207 destituuntur
540 3164 561 3208 a
574 3142 689 3208 lumine
707 3151 740 3208 et
760 3143 937 3210 inhabitant
950 3145 1105 3222 tenebras,
1121 3152 1154 3210 et
1173 3165 1236 3210 non
1249 3144 1354 3210 lumen
1371 3163 1469 3210 causa

314 3251 363 3311 est
376 3243 438 3309 ⁴eis
451 3243 628 3329 hujusmodi
648 3247 900 3327 conversationis,
913 3248 1172 3334 quemadmodum
1187 3247 1404 3334 prediximus:
1420 3247 1468 3312 sic

313 3353 466 3412 aeternum
486 3347 548 3414 Dei
569 3348 621 3436 qui
636 3349 760 3437 tugiunt
774 3350 888 3429 lumen,
909 3351 992 3435 quod
1006 3351 1145 3416 continet
1159 3351 1192 3416 in
1206 3372 1241 3416 se
1255 3351 1360 3416 omnia
1373 3351 1467 3430 bona,

314 3449 374 3536 ipsi
394 3450 455 3516 sibi
474 3473 569 3518 causa
586 3461 660 3518 sunt
680 3461 716 3518 ut
729 3461 864 3520 aetemas
877 3453 1052 3520 inhabitent
1070 3455 1225 3534 tenebras,
1245 3454 1388 3521 destituti
1401 3475 1469 3520 om·
1483 3475 1569 3518 oum

313 3555 405 3621 nibus
419 3555 519 3637 bonis,
535 3557 754 3644 *sibimetipsis
768 3579 863 3624 causa
876 3559 1053 3644 hujusmodi
1068 3559 1271 3625 habitationis
1284 3559 1370 3624 sacti.

362 3765 407 3816 11,
425 3767 474 3818 boc.
913 3779 1042 3834 aequem
1055 3773 1218 3824 αοοιααείνναι
1229 3773 1339 3838 nqueo.
1373 3773 1469 3841 Bytho

362 3846 442 3898 ’Am
461 3849 783 3913 mamimtera...poeaora.
819 3851 863 3901 01..
914 3853 1077 3904 substitution
1092 3855 1121 3904 of
1131 3855 1174 3904 Itos
1189 3857 1232 3904 the
1247 3871 1351 3920 passage
1368 3863 1469 3906 returns

308 3945 392 3995 ρααα
411 3931 493 3982 Voss.
506 3931 765 3996 οοαιααίααί...ρεαα
798 3933 865 3984 Both
913 3935 1040 4000 naturally
1051 3936 1104 3985 into
1115 3936 1211 3986 Greek:
1230 3938 1335 3988 καὶτοὺς
1347 3940 1470 4000 φυγόντας

311 4013 362 4063 Gn.
374 4013 425 4063 and
436 4013 523 4064 Mass.
536 4013 621 4064 suhcw
630 4015 674 4065 the
685 4016 747 4076 Am,
764 4016 811 4064 bnt
822 4017 865 4065 the
914 4019 980 4078 αὐτῷ
1001 4017 1175 4080 ὑποτάγεσθαι,
1199 4019 1233 4082 τῇ
1253 4020 1392 4081 achram
1413 4019 1472 4072 ὑτέ·

310 4095 414 4160 reading
440 4095 520 4146 above
546 4097 568 4146 ia
595 4101 623 4146 at
649 4096 713 4147 least
739 4098 768 4147 oi
792 4099 866 4162 cqnal
913 4099 1050 4161 βαλεδίκῃ.

309 4176 446 4242 authority.
488 4177 584 4227 (ima
600 4177 775 4242 objecta-Sed
792 4179 865 4229 reolo·
962 4177 1432 4230 'Snumaddartiromtbcvosta

309 4255 429 4307 Μανία
444 4256 865 4324 habaimcdeaammquo
962 4258 1217 4324 *Παννονικὰ
1234 4259 1455 4324 ιαάείοίααίμί.
