3334 5070
328 353 393 418 130
740 365 899 418 uamsru
925 364 1062 417 senos.

161 541 315 630 narheim
327 519 429 596 luerit,
445 519 495 585 oui
510 518 644 606 primum
658 517 818 584 dominata
831 523 880 583 est
894 539 989 584 mors.
1014 515 1102 582 Illius
1114 516 1196 584 enim
1211 514 1304 592 salus,
1320 515 1481 580 evacuatio

191 635 285 676 60111
328 629 377 688 est
398 622 517 688 mortis.
563 621 700 687 Domino
723 620 819 709 igitur
841 619 1014 686 vivilioante
1035 619 1201 695 hominem,
1223 617 1256 682 id
1277 625 1326 683 est
1348 617 1479 698 ¹Adsm,

177 681 306 818 “dllllll
328 734 477 792 evacuata
491 732 586 792 estet
602 745 697 790 mors.

744 930 846 998 ΟΑΡ.
870 931 1069 998 XXXVII.

498 1179 504 1188 .
609 1087 798 1164 Adversus
817 1087 970 1164 Toriooi
985 1086 1202 1163 doctrinam.

395 1259 637 1326 Mnurruuron
652 1279 727 1345 ergo
742 1254 919 1341 omnesqui
934 1253 1150 1320 contradicunt
1164 1256 1233 1342 ejus
1247 1254 1350 1334 saluti,
1359 1277 1481 1342 semper

165 1389 215 1430 ιιι.
224 1390 286 1430 ιιι
329 1363 448 1450 seipsos
462 1363 663 1429 excludentes
676 1382 698 1425 a
710 1359 784 1436 vita,
800 1357 832 1422 in
846 1379 884 1422 eo
899 1358 981 1443 quod
996 1379 1058 1422 non
1080 1358 1209 1424 credant
1223 1358 1380 1424 inventam
1392 1382 1480 1426 ovem

329 1487 400 1552 quse
424 1465 567 1549 perierat.
614 1462 649 1527 Si
663 1469 769 1528 autem
784 1460 836 1524 illa
851 1482 914 1525 non
928 1467 978 1524 est
992 1460 1125 1538 inventa,
1140 1459 1243 1525 adhuc
1257 1461 1433 1547 possidetur
1447 1462 1481 1526 in

329 1565 503 1654 perditione
526 1564 627 1630 omnis
648 1562 783 1628 hominis
804 1561 976 1650 generatio.
1014 1563 1155 1628 Mendax
1177 1585 1252 1650 ergo
1273 1563 1301 1628 is
1323 1563 1376 1650 qui
1398 1564 1481 1649 prior

329 1669 410 1734 hano
436 1667 634 1746 sententiam,
660 1663 723 1730 imo
748 1663 830 1728 hauc
858 1663 1067 1751 ignorantiam
1093 1673 1126 1730 et
1151 1665 1326 1730 caecitatem
1347 1665 1480 1744 induxit,

329 1769 515 1835 ²llhtiunus:
537 1767 708 1834 ⁸connexio
722 1765 847 1854 quidem
862 1767 964 1832 lactus
978 1767 1117 1832 omnium
1132 1767 1360 1846 hsereticorum,
1376 1791 1481 1855 quem-

329 1871 497 1938 admodum
529 1869 741 1945 ostendimus;
772 1868 831 1934 hoo
861 1877 967 1934 autem
992 1891 1013 1934 a
1041 1871 1209 1956 semetipso
1238 1870 1406 1950 adinvenit,
1433 1871 1480 1936 uti

329 1997 443 2042 novum
458 1974 575 2062 aliquid
590 1981 704 2059 praeter
718 1972 852 2060 reliquos
867 1973 1012 2052 inferens,
1028 1996 1159 2039 vacuum
1174 1975 1314 2062 loquens,
1330 1997 1445 2041 vacuos
1460 1997 1481 2042 a
1494 2006 1571 2050 ame

328 2078 391 2144 fids
405 2077 564 2143 auditores
582 2076 642 2142 sibi
658 2083 858 2162 praepararet,
872 2077 1024 2142 affectans
1043 2078 1193 2164 magister
1215 2079 1332 2156 haberi,
1354 2087 1482 2148 tentans

166 2209 314 2250 rsonae.
327 2190 361 2250 et
385 2181 516 2248 subinde
541 2181 588 2246 uti
613 2180 791 2268 hujusmodi
816 2203 837 2246 a
860 2179 960 2246 Paulo
980 2181 1105 2247 assidue
1127 2183 1238 2248 dictis:
1272 2184 1426 2266 Quoniam
1447 2187 1482 2250 io

164 2307 290 2350 semeso
327 2287 434 2352 Adam
455 2307 553 2350 omncs
574 2287 739 2360 marimum
763 2283 910 2372 ignorans
930 2293 1045 2362 autem,
1070 2287 1217 2371 quoniam
1238 2286 1292 2352 ubi
1312 2287 1483 2354 aduodooit

319 2398 491 2477 peceatum,
513 2386 773 2474 superabundavit
798 2389 916 2473 qratia.
965 2385 1101 2453 Ostenso
1126 2410 1200 2476 ergo
1222 2389 1282 2455 hoe
1306 2391 1480 2469 manifeste,

326 2493 511 2559 erubescant
526 2513 634 2556 omnes
649 2491 700 2578 qui
716 2492 757 2558 ab
775 2513 812 2558 eo
827 2499 911 2568 sunt,
928 2497 960 2556 et
975 2495 1175 2557 ⁴oouoertant
1192 2493 1231 2558 de
1246 2493 1376 2574 ⁶Adam,
1391 2495 1480 2582 quasi

326 2619 475 2685 magnum
501 2597 617 2684 aliquid
644 2597 810 2674 lucrentur,
835 2595 862 2660 si
888 2595 939 2660 ille
966 2617 1029 2660 non
1055 2596 1204 2662 salvetur:
1234 2598 1358 2684 quando
1380 2599 1481 2686 magis

326 2699 403 2764 nibil
423 2700 597 2786 proficiant,
620 2699 880 2786 quemadmodum
901 2707 934 2764 et
954 2721 1082 2786 serpens
1101 2699 1178 2764 nihil
1197 2701 1328 2786 profecit
1346 2703 1482 2768 suadens

326 2801 455 2880 homini,
478 2801 539 2867 nisi
560 2802 636 2866 illud
656 2802 740 2889 quod
760 2823 831 2866 eum
853 2809 1114 2889 transgressorem
1134 2805 1281 2884 ostendit,
1305 2805 1427 2870 initium
1449 2815 1482 2872 et

326 2903 489 2968 materiam
519 2903 685 2988 apostasiae
711 2923 777 2968 suse
806 2902 924 2968 habeus
952 2904 1128 2983 hominem3
1159 2905 1263 2970 Deum
1288 2914 1394 2971 autem
1419 2929 1482 2973 non

326 3006 431 3072 ‘vidis
470 3005 522 3071 Sic
537 3007 615 3072 ethi
631 3006 684 3093 qui
700 3006 918 3072 contradicunt
932 3007 1024 3072 saluti
1037 3009 1128 3086 Adae,
1141 3007 1217 3072 nihil
1232 3009 1406 3095 proficiunt,
1421 3010 1482 3074 nisi

326 3109 397 3188 hoo,
416 3111 499 3196 quod
519 3109 703 3195 semetipsos
725 3109 890 3176 haeretioos
910 3119 943 3176 et
964 3119 1124 3197 apostatas
1142 3111 1261 3177 iaciunt
1280 3112 1429 3194 veritatis,
1449 3121 1483 3179 et

326 3221 338 3256 ⁷
343 3213 510 3278 advocatos
524 3233 559 3278 se
573 3212 727 3299 serpentis
741 3220 774 3278 et
789 3213 898 3280 mortis
913 3215 1092 3280 ostendunt.

377 3423 877 3491 ¹sosrhermegoepelof1sieodemus,
930 3427 1002 3488 luith,
1021 3427 1071 3476 sud
1087 3428 1204 3478 returned
1221 3434 1248 3479 to
1265 3431 1308 3480 the
1324 3431 1395 3483 Esst.
1430 3433 1482 3482 Tha

328 3505 341 3564 5
353 3517 410 3556 xlx.
424 3505 468 3556 dte.
931 3510 1039 3558 mixture
1055 3510 1084 3558 01
1096 3515 1173 3560 water
1183 3511 1209 3559 iu
1220 3512 1264 3560 the
1275 3513 1422 3563 eucharistie
1433 3530 1482 3579 cup

376 3585 388 3619 ¹
404 3586 492 3635 Tatian
510 3603 561 3637 was
578 3603 594 3636 a
610 3587 698 3652 Syrien
715 3589 749 3654 by
765 3590 841 3651 birth,
855 3591 883 3639 01
932 3608 982 3640 was
998 3592 1069 3641 usual
1083 3592 1109 3640 in
1125 3593 1167 3642 the
1178 3594 1303 3658 primitivo
1314 3595 1421 3657 Ohurch,
1436 3597 1482 3646 but

327 3686 396 3721 some
406 3683 506 3718 renown
523 3685 551 3718 as
566 3685 582 3718 s
594 3669 755 3731 rhetorician;
771 3671 803 3720 hs
816 3677 879 3720 esta-
931 3674 962 3722 he
973 3673 1033 3722 used
1044 3690 1077 3722 no
1088 3675 1152 3722 wine
1163 3679 1190 3722 at
1200 3675 1241 3737 all,
1251 3675 1301 3724 aud
1312 3677 1350 3725 his
1361 3677 1483 3728 followers

326 3751 423 3803 blished
434 3751 535 3800 himself
544 3757 570 3800 at
582 3751 669 3813 Rome,
683 3753 734 3801 and
747 3753 826 3802 under
836 3754 880 3803 the
931 3771 995 3804 were
1006 3756 1083 3805 called
1095 3773 1127 3805 on
1138 3755 1189 3805 this
1202 3762 1308 3806 socount
1321 3759 1482 3824 Hydropane

327 3835 440 3899 auspices
451 3835 480 3883 01
488 3835 587 3884 Jusrrs
597 3833 635 3883 M.
645 3833 725 3882 hedid
734 3835 799 3898 good
810 3837 880 3884 work
930 3840 1010 3886 statae.
1041 3837 1161 3902 Compare
1172 3849 1189 3887 1.
1202 3836 1254 3900 116,
1268 3855 1293 3888 n.
1305 3855 1326 3901 r,
1338 3841 1388 3890 and
1400 3855 1481 3892 urso.

327 3917 366 3966 lor
381 3918 425 3966 the
443 3916 549 3976 Ohurch,
564 3917 589 3964 in
609 3915 743 3981 dedending
757 3917 799 3966 the
815 3918 880 3967 saith
979 3915 990 3948 ⁸
1009 3917 1135 3980 Oonwceio,
1150 3923 1286 3982 συμπλοκή.

327 3998 391 4048 from
403 3999 446 4048 the
457 3999 555 4048 attacks
568 3998 597 4046 ol'
609 3997 726 4046 Crescens
737 3999 780 4046 the
792 3999 877 4063 Gynio.
979 3997 990 4029 ⁴
1009 3998 1156 4061 Ooocertoot,
1171 4004 1284 4066 ἐρίζουσιν
1292 4005 1372 4068 ’Aren
1387 4007 1448 4071 περί.

328 4080 470 4141 Eusssrus,
485 4081 661 4141 H.E.1v.27,
676 4080 880 4130 informsusthat
979 4079 990 4112 ⁸
1007 4081 1177 4132 Hrrrourrus
1193 4085 1245 4134 also
1262 4103 1320 4151 says
1336 4089 1365 4136 of
1378 4089 1481 4138 Tatisn:

327 4163 359 4212 he
376 4163 497 4227 compilsd
515 4163 558 4211 the
579 4162 634 4211 first
651 4162 849 4227 hurmonyt
792 4163 820 4212 01
837 4165 880 4217 the
931 4163 977 4212 Τὸν
988 4165 1014 4212 δὲ
1027 4165 1108 4225 Ἀδὰμ
1119 4167 1208 4227 φάσκει
1218 4170 1252 4228 μὴ
1264 4172 1391 4230 refertor
1404 4171 1443 4217 dul
1454 4171 1483 4218 τὸ

328 4245 441 4309 Gospels,
454 4244 533 4292 under
548 4244 591 4292 the
607 4260 680 4293 name
693 4246 732 4294 διὸ.
746 4247 877 4308 τεσσάρων,
932 4249 1041 4312 ἀρχηγὸν
1068 4255 1193 4314 παρακοῆς
1220 4255 1353 4316 γεγονέναι.
1388 4253 1480 4302 Philon.

327 4325 378 4374 and
392 4326 438 4374 leit
448 4341 464 4372 s
474 4323 542 4387 large
558 4326 664 4374 number
678 4326 707 4374 01
719 4327 839 4392 writings,
854 4328 884 4377 01
930 4343 990 4382 vm.
1008 4329 1044 4382 16.

328 4407 409 4456 which
426 4421 441 4454 a
455 4405 524 4453 work
537 4405 637 4469 against
647 4409 691 4456 the
702 4409 814 4458 Gentiles
828 4425 880 4460 was
979 4413 991 4446 ⁶
1007 4417 1069 4464 οἶδεν
1079 4416 1173 4479 having
1182 4416 1243 4465 been
1255 4415 1313 4464 read
1325 4431 1352 4465 as
1364 4417 1431 4466 elder.

328 4489 371 4537 the
387 4492 452 4536 most
469 4487 629 4538 remarkable.
663 4489 738 4538 Alter
755 4492 799 4540 the
814 4507 879 4541 mar·
979 4495 1139 4557 'admoneo
1154 4498 1301 4560 προστάτας,
1314 4498 1376 4548 with
1393 4517 1408 4549 a
1425 4499 1484 4564 play

327 4569 427 4632 tyrdom
439 4567 468 4615 01
479 4567 498 4615 J
500 4579 578 4615 usum
591 4568 623 4616 he
639 4572 748 4619 swerved
760 4573 823 4620 lroru
836 4575 879 4624 the
931 4577 960 4624 01
966 4577 1052 4626 sound.
1087 4579 1125 4627 (11.
1140 4595 1163 4643 p.
1176 4594 1229 4642 ror,
1244 4596 1269 4630 n.
1285 4594 1307 4642 3.
