3276 5086
488 455 603 509 secus
629 455 756 508 summ
781 455 828 508 ur
854 456 1034 511 semmus.
1274 439 1341 510 337

186 609 449 698 comparationem
469 610 646 674 mortalium
666 631 843 697 corporum
869 609 1048 696 Imofflocit
1067 610 1203 677 enimin
1218 607 1496 696 socleramum.

185 715 316 781 hominis
331 714 418 778 Deus
423 716 538 798 flatum
552 715 635 792 vitm,
652 723 679 778 et
685 717 795 800 sactus
814 725 856 781 eet
868 715 952 780 homo
966 715 1001 779 io
1020 717 1159 780 doiorum
1173 715 1336 780 oiocmem:
1358 680 1444 809 ‘ffiglp
1453 723 1489 808 p}-

185 821 280 884 flatus
301 825 408 882 sutem
434 817 507 882 vitae
533 817 745 901 incorporalis.
790 817 853 883 Sed
875 839 915 882 ne
940 819 1103 884 mortalem
1126 817 1252 904 quidem
1266 837 1337 900 pos·
1350 817 1503 894 Q

186 928 260 987 sunt
283 921 386 984 dicere
413 918 515 1005 ipsum
537 918 648 982 flatum
673 919 768 984 lvitse
794 919 1008 986 exsistentem.
1054 920 1099 984 Et
1125 925 1251 1005 propter
1273 917 1335 982 hoo
1350 921 1459 968 ‘ml-⁷·

187 1022 290 1087 David
304 1021 367 1085 eit:
385 1023 427 1086 Et
441 1021 548 1086 ocimo
566 1042 632 1084 meo
647 1021 697 1085 illi
711 1021 800 1098 oioot,
815 1029 965 1108 tanquam
980 1021 1147 1086 immortali
1161 1017 1339 1085 substantia
1353 1037 1385 1076 rs
1394 1037 1437 1078 xxt-
1447 1039 1478 1078 a.

185 1127 255 1212 ejus
283 1125 464 1190 exsistente.
524 1123 586 1188 Sed
616 1117 716 1209 neque
742 1123 886 1209 spiritum
915 1133 1045 1210 possunt
1074 1123 1177 1188 dicere
1207 1121 1339 1186 mortale

183 1251 308 1316 corpus.
353 1227 435 1309 Quid
456 1226 552 1314 igitur
570 1234 712 1311 superest
729 1227 832 1292 dicere
849 1228 980 1292 mortale
994 1249 1115 1314 eorpus,
1131 1227 1192 1290 nisi
1206 1226 1336 1312 plasma,

184 1332 281 1396 idest
302 1353 385 1408 carc,
401 1330 440 1394 de
455 1351 517 1415 qua
539 1337 572 1394 et
591 1351 693 1394 sermo
708 1337 767 1409 est,
783 1330 929 1417 qnoniam
950 1329 1117 1395 vivificabit
1139 1350 1209 1394 eam
1231 1327 1337 1393 Deus?

186 1435 268 1501 Haeo
289 1435 372 1500 enim
393 1439 442 1498 est
461 1454 531 1519 quae
553 1432 685 1497 moritur
701 1439 734 1496 et
754 1433 896 1508 solvitur;
920 1433 1056 1498 sednon
1077 1431 1191 1508 anima,
1217 1435 1337 1515 2neque

184 1537 322 1622 spiritus.
369 1536 453 1601 Mori
478 1535 561 1600 enim
589 1543 639 1599 est
667 1533 791 1599 vitalem
820 1534 966 1599 emittere
989 1534 1192 1612 habilitatem,
1216 1541 1249 1598 et
1270 1533 1338 1598 sine

185 1638 353 1724 spiramine
374 1637 407 1701 in
429 1645 597 1723 posterum,
623 1645 656 1700 et
681 1637 889 1715 inanimalem,
916 1645 949 1702 et
972 1637 1178 1702 ³immobilem
1201 1635 1279 1712 fieri,
1304 1644 1338 1700 et

186 1740 346 1826 ⁴deperire
364 1741 396 1802 in
422 1739 484 1816 ille,
507 1761 546 1804 ex
567 1738 680 1826 quibus
702 1745 735 1802 et
754 1735 879 1803 initium
897 1739 1082 1804 substantiae
1096 1738 1216 1803 habuit.
1261 1738 1336 1802 Hoo

77 1862 163 1903 omos
185 1849 292 1906 eutem
314 1862 414 1926 neque
435 1839 547 1904 enimse
569 1838 683 1916 evenit,
706 1839 800 1905 flatus
811 1848 860 1904 est
873 1842 957 1905 enim
971 1840 1062 1906 vitae:
1086 1843 1186 1925 neque
1200 1839 1333 1926 spiritui,

185 1943 410 2028 incompositus
427 1950 476 2008 est
492 1942 576 2007 enim
596 1949 629 2006 et
649 1941 781 2026 simplex
796 1943 934 2027 spiritus,
949 1943 1002 2031 qui
1017 1944 1127 2010 resolvi
1143 1965 1206 2008 non
1219 1950 1334 2028 potest,

184 2057 217 2113 et
240 2047 307 2133 ipse
326 2047 389 2113 vita
406 2055 455 2112 est
475 2067 583 2112 eorum
601 2045 654 2130 qui
674 2044 848 2131 percipiunt
870 2047 967 2112 illum.
1013 2047 1162 2132 Superest
1181 2046 1278 2134 igitur
1301 2053 1337 2110 ut

184 2151 267 2216 ciros
292 2171 417 2215 carnem
441 2169 525 2214 mors
550 2147 749 2212 ostendatur:
775 2169 845 2232 quae
868 2156 1069 2234 posteaquam
1091 2149 1202 2214 exierit
1221 2149 1335 2224 anima,

183 2253 252 2318 sine
268 2253 439 2338 spiratione
460 2260 494 2316 et
512 2249 707 2315 linanimalis
726 2250 869 2329 efficitur,
892 2258 925 2315 et
944 2251 1094 2335 paulatim
1116 2251 1280 2317 resolvitur
1303 2252 1336 2316 in

184 2363 310 2434 terram,
326 2377 365 2420 ex
380 2376 442 2442 qua
457 2360 562 2419 sumta
577 2360 638 2416 est.
1321 2365 1324 2370 ·

250 2461 281 2522 2.
326 2458 409 2521 Haec
427 2455 524 2542 igitur
545 2453 694 2518 mortalis.
740 2453 822 2518 Haec
836 2463 942 2520 autem
956 2459 1023 2520 ⁶est
1045 2457 1084 2521 de
1105 2477 1168 2542 qua
1189 2463 1222 2521 et
1238 2455 1333 2521 dicit:
1388 2501 1392 2510 ·

192 2559 366 2643 Vicoflrobit
386 2569 415 2624 ct
427 2558 573 2623 nwrtolio
592 2577 719 2642 corporo
734 2555 861 2622 'restra
907 2557 951 2623 Et
965 2565 1092 2645 propter
1110 2558 1171 2623 hoc
1185 2558 1231 2623 ait
1245 2557 1284 2622 de
1298 2579 1336 2622 ea

187 2743 733 2809 rtmoeos,p.78,and0ninom1us,pp.105,
785 2745 829 2794 the
842 2747 921 2796 entire
936 2747 1095 2812 intervenlug
1110 2753 1227 2799 sentence
1243 2749 1338 2820 having

188 2824 242 2886 106,
256 2825 348 2874 Merra
362 2825 511 2890 interpretcd
528 2826 571 2874 the
587 2829 658 2889 great
671 2841 735 2874 mas·
787 2827 849 2876 been
860 2827 916 2878 lost.

184 2908 241 2978 teris
258 2907 381 2971 lnnguage
402 2924 471 2957 more
487 2907 657 2972 oonsistently.
702 2907 734 2956 So
835 2907 936 2973 ’neque
956 2911 1066 2974 eph-itae.
1112 2913 1223 2962 Omitted
1245 2914 1272 2962 in
1294 2914 1338 2962 the

183 2991 223 3040 lar
233 3007 260 3040 es
272 2991 360 3040 Pnlro
371 2990 446 3040 based
456 2991 495 3039 his
505 2991 658 3055 psychology
667 3006 734 3054 upon
786 2985 887 3037 Onnum
901 2989 959 3038 ΜΒ.
983 2991 1034 3040 Aa.
1047 2991 1092 3040 has
1103 2997 1124 3040 ct
1133 2989 1239 3063 spiritus.

183 3075 369 3124 mathematical
377 3087 405 3122 or
413 3071 733 3134 arithmetieelharmonies,
835 3069 846 3101 ⁸
863 3071 1002 3132 Cn.,Voss.
1012 3071 1228 3134 immorantem,
1236 3073 1284 3122 but
1294 3074 1337 3122 the

95 3183 96 3186 =
181 3157 226 3204 the
237 3155 310 3205 soul’s
318 3169 416 3204 essence
424 3171 483 3220 may
491 3155 554 3203 have
565 3154 681 3203 involved
692 3155 735 3204 the
786 3153 837 3201 An.
850 3152 871 3200 is
886 3153 1017 3217 preferred,
1035 3170 1062 3204 as
1076 3155 1193 3220 agreeing
1205 3156 1266 3204 with
1280 3155 1337 3205 that

184 3237 310 3286 notiones
321 3236 473 3300 divisibility,
488 3237 535 3285 but
547 3237 569 3286 it
580 3252 631 3285 was
644 3253 660 3284 a
674 3235 734 3284 divi·
786 3233 866 3282 which
889 3233 1060 3284 Hn’ronrrus
1077 3253 1134 3302 says
1153 3237 1180 3285 in
1198 3236 1338 3300 dereribing

181 3317 278 3381 sihility
293 3317 323 3366 ol
335 3334 350 3366 s
366 3317 454 3382 purely
470 3318 581 3366 ahstrsct
599 3319 734 3367 character.
785 3314 829 3362 the
836 3315 928 3378 Ophite
934 3315 1021 3364 notion
1029 3317 1090 3364 with
1098 3315 1338 3380 respeettoAdsm’s

184 3398 224 3447 of.
241 3398 294 3447 also
311 3399 354 3448 the
370 3398 468 3460 Phtrdc,
492 3416 535 3464 pp.
556 3401 661 3462 80-83,
685 3399 735 3448 and
785 3394 853 3458 body
864 3395 946 3443 before
957 3395 978 3443 it
994 3411 1045 3444 was
1061 3396 1159 3444 endued
1170 3397 1257 3446 witha
1272 3396 1334 3456 seul,

184 3479 244 3542 Rep.
264 3477 311 3528 611
330 3493 354 3530 Β.
388 3480 442 3530 The
458 3481 546 3544 simplo
560 3481 635 3545 unity
650 3481 679 3529 of
691 3481 735 3529 the
787 3479 879 3526 κεῖσθαι
896 3479 923 3525 δὲ
936 3476 1009 3527 αὑτὸν
1026 3478 1122 3538 devotis,
1143 3479 1259 3539 ἀκίνητον,
1278 3479 1336 3528 ded-

184 3561 303 3626 thinking
308 3562 638 3626 principlewasoverlooked
646 3563 672 3610 in
682 3563 735 3611 fece
785 3562 877 3620 λευτον,
892 3560 922 3610 ὡς
934 3561 1061 3622 ἀνδριάντα
1072 3563 1145 3610 κ.τ.λ.
1169 3559 1261 3608 Pholoe.
1272 3571 1298 3608 v.
1313 3571 1335 3621 7.

185 3642 214 3689 of
228 3643 270 3691 the
286 3643 401 3692 manifest
414 3643 564 3708 complexity
575 3643 603 3692 of
616 3643 649 3692 its
664 3643 733 3692 attri-
835 3639 846 3672 ⁴
863 3643 903 3690 rol
915 3643 947 3692 ele
959 3643 1018 3691 τάδε
1033 3639 1206 3702 κατὰλύεσθαι,
1220 3643 1245 3703 ἐξ
1254 3640 1286 3689 dr
1297 3641 1338 3690 καὶ

185 3723 258 3771 butes
268 3740 275 3783 ;
296 3723 346 3771 and
362 3723 510 3788 complexity
532 3725 553 3772 is
575 3724 604 3773 of
616 3725 659 3773 the
675 3740 736 3788 very
786 3722 830 3782 rhu
842 3723 919 3784 ἀρχὴν
931 3723 1086 3773 ὑποστάσεως
1097 3725 1207 3784 ἔσχηκεν.

186 3804 735 3865 eseeneeolmetter5heueethedoubtwhe
834 3801 913 3852 ³An.
937 3803 1079 3853 lacrimula
1120 3804 1176 3864 On,
1195 3802 1277 3852 Voss.
1297 3801 1336 3851 ire

186 3885 243 3934 ther
255 3885 342 3934 Puro
357 3886 400 3934 did
414 3892 461 3934 not
477 3889 562 3936 attach
578 3888 621 3937 the
637 3888 693 3936 idea
709 3888 738 3938 of
786 3883 887 3934 dalmat.

187 3967 326 4030 eorporeity
341 3971 369 4016 to
385 3967 428 4016 the
444 3967 514 4028 soul;
531 3969 609 4017 hence
625 3969 677 4018 also
693 3969 736 4018 the
836 3965 847 3999 ⁶
862 3975 901 4028 eat,
914 3967 1021 4016 inserted
1032 3967 1096 4016 from
1104 3969 1148 4017 the
1155 3967 1255 4017 Onu.
1263 3981 1334 4031 copy,

187 4046 312 4096 readiness
328 4048 390 4096 with
400 4048 481 4097 which
497 4049 540 4097 the
554 4049 659 4098 Fathers
671 4051 737 4098 hare
786 4047 869 4096 which
879 4048 931 4096 also
943 4049 987 4097 hae
998 4055 1027 4096 et.

186 4129 733 4194 sequieseedinsounphiloaophiealanidea.
835 4127 946 4178 ⁷uora.
986 4128 1040 4176 'Ihc
1061 4127 1190 4192 authority
1211 4127 1240 4175 of
1258 4125 1336 4175 MSS.

187 4210 234 4259 See
244 4221 263 4259 1.
277 4224 316 4272 31,
330 4225 353 4276 9,
368 4227 391 4272 4,
405 4210 455 4260 end
467 4212 521 4273 381,
535 4211 621 4261 halem
633 4213 737 4262 hominis
787 4211 849 4276 fully
860 4211 1004 4260 establishes
1020 4211 1070 4260 this
1087 4211 1196 4274 reading,
1216 4209 1273 4258 here
1287 4209 1338 4258 and

180 4290 299 4354 ,tomam
335 4292 368 4341 In
379 4293 423 4341 the
435 4292 519 4357 sequel
534 4293 587 4342 itis
600 4295 643 4342 the
654 4295 733 4359 spirit,
787 4294 884 4358 shortly
893 4294 979 4343 above.
1014 4293 1339 4354 GnanneitestheAn.,as

186 4373 285 4421 nottho
296 4373 358 4434 sonl,
371 4373 556 4424 thetisternned
566 4375 738 4438 iocornpositor
788 4375 875 4424 Mass.
890 4377 933 4424 tho
944 4375 1045 4425 Onusta
1058 4373 1108 4422 and
1118 4373 1200 4423 Voss.
1213 4373 1294 4438 copies
1311 4373 1338 4421 in

185 4451 322 4516 comples.
787 4456 820 4505 iter
842 4456 939 4505 favour.
973 4455 1056 4504 Iedd
1075 4459 1101 4504 to
1121 4455 1190 4504 these
1208 4454 1251 4503 the
1270 4452 1338 4502 testi·

236 4547 314 4600 ¹As.
332 4551 381 4600 vira
398 4551 447 4616 q'm
465 4553 612 4610 mam5
630 4552 677 4602 but
694 4554 738 4604 ph„
787 4554 864 4602 mony
875 4539 903 4587 ol
917 4539 960 4588 the
977 4537 1063 4603 Syriae
1079 4537 1184 4598 version,
1198 4536 1279 4584 which
1295 4537 1340 4584 has

188 4629 238 4679 ao
253 4629 325 4683 letter
340 4641 478 4699 represents
494 4637 537 4685 ue
552 4636 633 4685 inam
645 4636 674 4686 or
686 4635 735 4700 ser,
790 4601 1007 4739 χει-Ἃρ
1034 4603 1090 4694 erl
1109 4651 1137 4684 as
1149 4636 1174 4684 ru
1186 4637 1228 4684 ue
1239 4637 1300 4683 text.
