3276 5086
339 351 405 418 296
802 363 1018 420 PROFECTUS

199 541 302 628 Lffiilg·
420 549 452 598 2.
501 528 572 600 Kal
593 527 694 605 οῦτιυο
713 529 868 628 πρωτεύει
887 525 946 612 μὲν
964 529 997 598 ε’ν
1014 531 1119 598 πᾶσιν
1136 530 1154 599 ὁ
1170 526 1262 612 θεὸς,
1283 527 1373 598 ὁκαὶ
1391 526 1497 610 μόνος

205 635 298 720 ‘'ihil''
339 641 526 732 ἆγὲνυητος,
559 642 613 712 καὶ
650 646 783 740 πρῶτος
819 639 960 725 πόντων,
992 642 1046 711 καὶ
1084 647 1147 713 τοῦ
1179 640 1257 712 εἶναι
1293 650 1365 716 τοῖς
1403 647 1493 710 πᾶσι

188 727 316 814 rpffipp
340 755 527 853 παραίτιος·
556 752 601 826 τὰ
626 751 660 824 δὲ
686 752 792 825 λοιπὰ
817 751 929 826 πόντα
954 755 987 824 ἐν
1009 757 1166 846 ὑποταγῇ
1190 755 1276 837 με’νει
1305 758 1369 824 τοῦ
1391 753 1492 822 Θεοῦ.
1511 770 1604 812 Μ

177 849 325 860 ἡ
339 867 540 960 Ὓποταγη
561 865 595 938 δὲ
612 866 708 950 Θεοῦ,
721 867 910 966 ιἰφθαρσύα·
928 865 981 938 καὶ
995 867 1170 966 παραμονη
1187 866 1391 966 ἀφθαρσίας,
1407 863 1493 960 δόξα

341 979 528 1070 ἆγὲνυητος.
548 977 615 1050 Διό
627 981 748 1062 ταύτης
759 987 817 1062 τῆς
827 977 960 1074 τόξευε,
973 979 1026 1050 καὶ
1040 985 1106 1051 τῶν
1117 980 1277 1051 τοιούτων
1286 981 1425 1076 ῥυθμῶν,
1435 979 1492 1050 καὶ

340 1099 398 1175 τῆς
416 1093 571 1175 τοιαύτης
589 1092 731 1184 όγιυγῆς,
758 1093 776 1162 ὁ
800 1089 954 1184 γεννητὸς
974 1091 1029 1163 καὶ
1056 1091 1293 1175 πεπλασμένος
1317 1090 1492 1189 ἅνθρωπος·

340 1207 417 1277 κατ’
429 1207 535 1277 εἰκόνα
550 1203 604 1276 rui
625 1205 783 1288 ὁμοίωσιν
799 1210 862 1277 τοῦ
880 1205 1061 1295 ἆγενυύτου
1078 1205 1206 1296 γίνεται
1225 1204 1321 1274 θεοῦ·
1350 1209 1414 1275 τοῦ
1429 1200 1490 1287 μὲν
1502 1232 1588 1273 mam

342 1317 485 1417 Πατρός
504 1316 710 1394 εύδοκοῦντος
728 1318 781 1388 καὶ
798 1318 996 1402 κελεύοντος,
1017 1322 1079 1388 τοῦ
1096 1315 1132 1388 δὲ
1150 1317 1233 1388 Υἶοῦ
1250 1314 1490 1416 ’πράσσοντος

339 1430 393 1500 καὶ
412 1428 698 1528 δημιουργοῦντας,
709 1435 773 1501 τοῦ
790 1427 825 1500 δὲ
842 1429 1037 1512 Πνεύματος·
1050 1431 1240 1529 τρέφοντος
1250 1429 1304 1500 καὶ
1321 1427 1489 1523 αύξονπος,

339 1547 404 1612 τοῦ
420 1540 455 1612 δὲ
478 1543 652 1640 δυθρύπου
669 1543 772 1641 ἤρε’μο
790 1542 1056 1640 προκόπτοντος,
1073 1542 1127 1613 rui
1145 1539 1230 1642 πρὸς
1247 1542 1378 1613 τέλειον
1396 1541 1492 1640 ἆνερ-

338 1655 491 1750 χομὲυου,
509 1655 680 1738 τουτέστι,
699 1655 844 1736 πλησίον
868 1660 932 1726 τοῦ
953 1655 1133 1746 ἆγεννύτου
1152 1656 1334 1746 γινομένου
1361 1655 1491 1731 τέλειος

340 1764 409 1866 γὰρ
435 1769 453 1838 ὁ
479 1767 666 1859 ἆγύυνητος·
694 1765 790 1843 οὗτος
817 1764 852 1837 δι’
874 1768 948 1838 ε’στι
975 1767 1067 1844 Θεός.
1117 1765 1215 1838 Ἔδει
1234 1765 1268 1838 δὲ
1285 1765 1347 1838 τόν
1365 1765 1491 1866 ἅνθρω·

338 1910 403 1950 που
420 1883 554 1978 πρῶτον
579 1880 743 1972 γενέσθαι,
762 1879 816 1950 καὶ
842 1881 1017 1971 γενόμενον
1040 1877 1187 1974 αύξῆσαι,
1216 1880 1269 1950 rai
1298 1877 1489 1973 αὐξήσαντα

338 1989 546 2090 ἀνδρωθῆναι,
578 1991 632 2063 xci
664 1992 870 2092 ἀνδρωθέντα
905 1995 1134 2076 πληθυνθῆναι,
1170 1993 1223 2063 καὶ
1259 1993 1490 2074 τληθυυθὲντα

338 2104 520 2200 ἐνισχῦσαι,
540 2105 594 2176 καὶ
615 2106 836 2202 ἕνισχύσαντα
857 2101 1067 2198 δοξασθῆναι,
1093 2105 1146 2176 καὶ
1177 2101 1383 2198 δοξασθέντα
1411 2103 1491 2175 ι’δεῖν

336 2215 399 2288 τόν
419 2219 537 2288 ἑαυτοῦ
553 2217 730 2302 δεσπότην.
777 2215 860 2294 θεὸς
887 2215 955 2316 γὰρ
985 2219 1003 2288 ὁ
1027 2218 1159 2300 μέλλων
1185 2219 1340 2316 ὁρᾶσθαι·
1371 2219 1490 2318 ὅρασις

337 2326 372 2400 δὲ
396 2331 484 2401 θεοῦ
512 2331 742 2432 περιποιητικῆ
768 2329 974 2430 ἆφθαρσῖας·
1005 2329 1184 2430 ἆφθαρσία
1215 2327 1249 2400 δὲ
1278 2331 1379 2423 ἐγγύς
1408 2331 1487 2402 εἶναι

336 2453 425 2515 ποιεῖ
445 2444 541 2514 θεοῦ.

401 2620 432 2682 2.
477 2615 540 2682 Et·
558 2615 603 2682 sic
617 2614 879 2702 principalitatem
898 2613 1022 2699 quidem
1037 2614 1166 2680 habebit
1180 2615 1212 2680 in
1226 2615 1487 2696 omnimeeus,

335 2719 499 2805 ⁴quoniam
513 2727 546 2784 et
566 2717 651 2783 solus
665 2717 808 2794 inlectus,
824 2725 857 2781 et
871 2715 956 2802 prior
970 2717 1119 2794 omnium,
1140 2725 1172 2783 et
1187 2718 1341 2798 omnibus,
1362 2728 1398 2785 ut
1412 2721 1486 2799 sint,

334 2822 401 2907 ipse
420 2829 470 2885 est
491 2841 603 2885 eausa:
627 2819 746 2905 reliqua
768 2841 841 2883 vero
864 2817 969 2883 omnis
994 2819 1027 2884 in
1049 2820 1243 2906 subjectione
1264 2832 1394 2888 manent
1414 2825 1486 2890 Dei.

336 2920 494 3004 subjectio
508 2929 614 2986 autem
630 2919 701 2996 Dei,
717 2919 933 3005 incorruptela
951 2921 1179 3005 perseverantia
1192 2930 1258 2988 est:
1281 2924 1488 3011 incorruptela

334 3032 441 3090 autem
454 3023 554 3110 gloria
568 3021 685 3087 inlecti.
722 3021 785 3087 Per
799 3021 880 3088 hanc
895 3023 992 3109 igitur
1006 3024 1243 3104 ordinationem,
1260 3035 1293 3090 et
1309 3027 1487 3113 hujusmodi

335 3125 590 3202 convenientiam,
606 3133 639 3189 et
652 3123 725 3188 ⁵tali
741 3123 848 3202 ductu,
863 3126 965 3190 lactus
979 3134 1012 3190 et
1025 3125 1196 3212 plasmatus
1210 3128 1304 3194 homo
1318 3129 1488 3194 secundum

334 3227 501 3314 imaginem
515 3233 548 3289 et
559 3225 792 3290 similitudinem
807 3226 1008 3292 constituitur
1021 3229 1128 3294 inlecti
1146 3230 1227 3295 Dei:
1254 3231 1350 3296 Patre
1363 3233 1488 3318 quidem

334 3329 413 3394 bene
427 3327 593 3406 sentiente,
608 3331 662 3392 6et
672 3327 823 3414 jubente;
850 3328 932 3393 Filio
947 3351 1020 3395 vero
1040 3329 1247 3410 ministrante,
1263 3341 1296 3397 et
1314 3333 1485 3410 formante3

335 3429 454 3516 Spiritu
475 3451 547 3494 vero
569 3429 734 3508 nutriente,
757 3437 791 3494 et
809 3439 965 3518 angente;
990 3431 1117 3498 homine
1133 3453 1206 3498 vero
1226 3433 1375 3518 paulatim
1395 3438 1487 3521 proli-

334 3534 446 3610 ciente,
461 3541 494 3599 et
508 3533 706 3620 perveniente
720 3535 760 3598 ad
772 3535 953 3619 perlectum,
968 3534 1074 3612 idest,
1090 3537 1267 3620 proximum
1279 3537 1394 3603 inlecto
1408 3539 1485 3604 fieri.

335 3637 499 3703 Perfectus
522 3637 606 3703 enim
628 3645 678 3704 est
703 3637 852 3702 inlectus:
876 3636 926 3702 hic
949 3645 1056 3702 autem
1082 3645 1132 3702 est
1155 3637 1254 3706 Deus.
1299 3639 1487 3726 Oportuerat

333 3749 439 3807 autem
453 3742 611 3808 hominem
625 3741 725 3827 primo
739 3740 816 3817 fieri,
837 3748 870 3806 et
884 3739 1003 3805 factum
1016 3739 1134 3827 augeri,
1149 3749 1183 3806 et
1201 3751 1328 3808 auctum
1343 3747 1486 3810 corrobe

333 3845 405 3924 rari,
426 3854 458 3911 et
473 3846 705 3912 corroboratum
722 3843 931 3928 multiplicari,
951 3851 985 3908 et
1003 3842 1241 3929 multiplicatum
1263 3847 1484 3926 convalescere,

333 3949 600 4014 convalescentem
614 3969 686 4013 vero
706 3945 883 4033 glorificari,
899 3954 940 4012 et.
952 3945 1160 4032 glorificatum
1180 3948 1284 4014 videre
1305 3972 1398 4015 suurn
1420 3951 1485 4016 Do-

333 4051 461 4116 minum.
507 4050 595 4116 Deus
610 4049 694 4114 enim
706 4056 755 4113 est
770 4047 822 4134 qui
837 4048 932 4112 habet
946 4047 1061 4112 videri:
1086 4049 1164 4115 visio
1177 4059 1283 4116 autem
1299 4051 1360 4117 Dei
1375 4045 1485 4120 efficax

332 4161 382 4218 est
396 4151 629 4238 incorruptelae:
654 4149 862 4235 incorruptela
875 4170 947 4214 vero
962 4149 1138 4234 proximum
1152 4153 1229 4217 lacit
1243 4175 1313 4219 esse
1329 4153 1410 4222 Deo.

381 4327 427 4377 ¹l.
440 4331 576 4390 ἀγεννὴτου.
602 4329 884 4394 Byasliglrtalteration
935 4327 1240 4393 Comparetl.1.xxvl.3.
1275 4331 1392 4394 subjectio
1406 4341 1486 4383 autem

331 4411 375 4460 the
386 4410 468 4459 Greek
479 4425 538 4474 may
549 4411 580 4459 be
590 4411 748 4460 humanum
764 4410 826 4458 with
840 4411 884 4458 the
934 4409 983 4459 Dei
997 4410 1110 4474 τιηαιειίο
1122 4418 1154 4460 ce
1167 4418 1264 4461 αιειτια.
1295 4413 1391 4462 (lusan
1402 4415 1486 4464 would

331 4491 487 4551 translation,
504 4491 617 4553 ὑποταγη
632 4493 658 4541 δὲ
672 4493 734 4540 Θεοῦ
748 4491 884 4553 ἀφθαρσίας
933 4496 1062 4556 transpose
1072 4493 1115 4541 the
1126 4491 1211 4542 Latin.

332 4573 466 4633 ταραμοτη,
486 4571 609 4632 θφθαρσια
623 4572 650 4621 δὲ
668 4571 880 4635 δόξαιύγιννπεου.
981 4571 993 4604 ¹
1012 4573 1168 4634 πρόστυποι.
1201 4576 1486 4641 ΔιαιιονοΐατοιιοςίιΙα-
