3334 5070
309 403 373 474 176
626 415 810 470 nnnnrrro
833 413 1125 470 enanrsmonun

171 593 224 634 un.
236 593 275 634 1v
310 569 505 650 vestimenta,
528 578 562 636 et
587 570 699 634 lramis
720 569 868 636 viridibus
889 569 1115 635 adornavenmt
1135 565 1226 643 viam,
1250 585 1322 630 oum
1347 584 1463 654 magna

149 641 271 726 (mlv-ix
272 671 422 737 nlaetitia
441 679 475 737 et
495 671 687 738 exultatione
708 671 896 738 clamantes:
923 673 1046 736 anneo
1059 670 1130 752 filio
1144 667 1262 747 Daniel,
1282 667 1463 733 Benedictus

159 732 237 772 nass.
249 696 293 772 nir.

194 778 250 817 Μ
149 775 366 862 —qoi
394 776 475 841 vonit
503 777 537 840 io
565 775 684 841 tremine
711 775 851 855 Domini,
881 773 1045 840 anneo
1032 795 1067 838 eo
1095 771 1223 838 emolere
1280 769 1464 836 Zelantibus

149 889 219 930 Pau
220 889 299 930 *itit
311 885 418 944 autem
443 877 533 944 malis
555 877 846 965 ²dispensatoribus‚
870 901 923 966 qm
914 875 1222 944 circumveniebant
1243 872 1413 950 inferiores,
1430 879 1464 938 et

148 996 279 1038 tonum
312 981 551 1046 dominabantur
582 1002 689 1046 eorum
718 982 831 1068 quibus
858 981 940 1046 ratio
971 1003 1035 1046 non
1066 978 1239 1056 constabat,
1277 985 1311 1042 et
1338 984 1464 1062 propter

148 1083 373 1151 munnio-hoo
401 1085 578 1151 nolentibus
600 1085 721 1152 venisse
741 1107 857 1173 regem,
879 1093 913 1150 et
934 1083 1109 1150 dicentibus
1129 1081 1169 1160 ei,
1192 1079 1296 1145 Aeolio
1318 1079 1396 1166 qaid
1413 1079 1464 1142 eri

151 1207 264 1248 remia
312 1188 443 1254 dinoot?
475 1187 520 1254 eit
542 1188 734 1254 ³Dominus:
767 1189 938 1275 Neorquom
961 1187 1081 1273 lepr'rtm
1102 1184 1156 1250 Eo
1176 1206 1227 1249 ora
1248 1183 1417 1268 infantium
1435 1191 1464 1248 or

311 1290 487 1357 lactentium
498 1293 659 1378 personati
673 1291 819 1357 leodem?
841 1291 874 1356 id
885 1290 967 1376 quod
981 1313 1002 1355 a
1016 1288 1120 1355 David
1134 1289 1166 1352 in
1188 1285 1305 1352 Filium
1320 1285 1380 1351 Dei
1400 1285 1463 1352 die·

311 1402 380 1460 tum
404 1403 482 1472 erat,
509 1395 543 1458 in
565 1415 600 1458 se
628 1395 747 1460 laetum
773 1393 950 1473 ostendens,
973 1400 1006 1459 et
1034 1391 1222 1480 significans,
1247 1388 1316 1454 illos
1339 1388 1465 1476 quidem

312 1497 432 1562 nescire
445 1497 592 1562 virtutem
614 1496 793 1582 Scripturae,
811 1504 845 1560 et
863 1495 1097 1582 dispositionem
1116 1493 1196 1571 Dei;
1220 1515 1254 1558 se
1272 1501 1378 1558 autem
1396 1513 1465 1558 esse

150 1617 182 1656 re
195 1615 263 1656 vur-
312 1599 365 1685 qui
390 1619 410 1664 a
430 1597 589 1685 prophetis
614 1597 819 1664 annuntiatus
839 1598 881 1664 sit
903 1590 1055 1677 Christus,¹
1078 1599 1168 1685 cujus
1189 1617 1305 1662 nomen
1325 1596 1358 1660 in
1381 1596 1465 1662 omni

313 1710 398 1766 terra
411 1701 564 1780 laudatur,
580 1722 620 1766 ex
636 1722 689 1765 ore
702 1700 868 1766 infantium
883 1709 916 1767 et
930 1699 1111 1767 lactentium
1125 1699 1248 1765 laudem
1261 1697 1465 1786 ⁴perfioientis

312 1824 370 1868 sno
392 1802 500 1868 Patri:
532 1808 719 1889 quapropter
746 1809 780 1868 et
802 1803 921 1869 elevata
946 1810 995 1869 est
1020 1801 1251 1892 magnifioentia
1279 1801 1347 1887 ejus
1373 1823 1467 1889 super

312 1905 417 1972 ooelos.

378 2015 410 2076 4.
455 2010 490 2075 Si
511 2032 585 2099 ergo
606 2011 688 2078 idem
709 2013 776 2098 ipse
797 2013 895 2093 adest,
912 2015 964 2101 qui
986 2013 1172 2100 proedioetus
1190 2019 1240 2079 est
1256 2033 1278 2078 e
1296 2011 1464 2100 prophetia,

314 2113 470 2180 Dominus
484 2119 608 2182 ⁶noster
622 2115 719 2182 Jesus
739 2116 892 2196 Christus,
910 2124 944 2183 et
962 2119 1114 2184 adventus
1130 2117 1199 2204 ejus
1213 2117 1381 2204 pleniorem
1394 2137 1465 2204 gre-

312 2217 391 2284 tiam
405 2226 438 2284 et
452 2220 601 2306 mojorem
615 2219 861 2286 munerationem
879 2221 1022 2287 attribuit
1035 2221 1085 2286 his
1099 2219 1153 2308 qui
1165 2227 1367 2306 suseeperrmt
1382 2241 1464 2299 eum,

312 2320 521 2402 manifestum,
543 2321 688 2407 quoniam
703 2329 735 2387 et
755 2321 853 2387 Pater
872 2322 955 2388 idem
969 2323 1036 2410 ipse
1053 2331 1111 2401 est,
1133 2322 1220 2408 quia
1238 2321 1397 2408 prophetis
1410 2341 1466 2384 an-

312 2424 474 2490 nuntiatus
502 2433 560 2504 est,
590 2433 623 2491 et
648 2447 712 2491 non
736 2426 863 2491 alteriue
893 2427 999 2492 Patris
1026 2426 1217 2514 agnitionem
1240 2424 1315 2490 lecit
1339 2423 1466 2490 veniens

315 2527 424 2608 Filius,
444 2529 500 2594 sed
514 2530 653 2617 ejusdem
665 2530 718 2618 qui
732 2533 773 2597 ab
787 2529 875 2596 initio
892 2531 1078 2616 praedieetus
1095 2539 1159 2607 est3
1181 2552 1277 2618 aquo
1291 2535 1325 2594 et
1341 2527 1466 2594 liberta-

313 2639 379 2696 tem
393 2633 504 2698 detulit
518 2633 568 2698 his
583 2633 635 2721 qui
649 2633 797 2721 legitime,
818 2641 851 2700 et
865 2655 963 2719 prono
977 2635 1091 2714 animo,
1113 2645 1146 2700 et
1164 2641 1232 2700 toto
1252 2633 1345 2700 eorde
1365 2633 1467 2698 deser·

313 2733 402 2798 riunt
416 2736 463 2800 ei:
496 2735 740 2801 contemtoribus
753 2743 870 2814 autem,
885 2744 919 2801 et
933 2757 997 2802 non
1010 2738 1159 2824 subjectis
1174 2736 1254 2816 Deo,
1269 2738 1326 2802 sed
1340 2737 1373 2802 in
1387 2735 1468 2821 ‘glo-

313 2835 393 2901 riam
408 2837 569 2902 hominum
585 2838 754 2903 exteriores
769 2837 938 2902 mundities
955 2840 1157 2918 sectantibus,
1172 2840 1267 2926 (⁷quae
1285 2841 1318 2904 in
1333 2840 1467 2926 figuram

257 2939 486 3004 .luturorum
510 2939 633 3005 traditae
654 2947 752 3018 erant,
774 2940 859 3006 velut
887 2941 1022 3006 ⁸umbree
1045 2941 1207 3026 eujusdam
1228 2941 1466 3026 descriptionem

255 3039 447 3106 'leniente
456 3042 552 3128 Lege,
565 3049 659 3127 etque
673 3041 840 3107 deliniente
854 3041 894 3108 de
907 3043 1129 3130 temporalibus
1139 3051 1266 3122 eetemn,
1282 3044 1321 3108 de
1335 3042 1466 3108 terrenis

313 3143 481 3226 eoelestia),
504 3143 695 3230 fingentibus
718 3143 881 3230 plusquam
904 3167 974 3230 quee
999 3146 1084 3212 dioto
1105 3154 1179 3211 eunt
1200 3168 1270 3212 sese
1293 3147 1464 3224 observare,

314 3252 464 3331 tanquam
485 3243 679 3332 diligentiam
701 3267 792 3312 suam
812 3246 909 3314 etiam
930 3247 990 3334 ipsi
1014 3247 1085 3314 Deo
1109 3249 1355 3335 praeferentibus,
1380 3249 1466 3316 intus
1489 3263 1491 3269 ’

316 3539 428 3590 Messiah
442 3540 485 3590 the
503 3539 575 3605 King
600 3541 626 3590 in
650 3541 690 3591 bis
709 3541 866 3594 humilietion
962 3541 1141 3604 ’ζηλωσάντων
1152 3547 1179 3596 δὲ
1190 3547 1463 3608 reverteremur.

313 3621 364 3672 and
380 3638 473 3672 sorrow
488 3621 517 3670 ot*
530 3623 597 3684 north
621 3623 645 3672 ἐν
661 3625 806 3674 ταπεινώσει
822 3627 866 3686 τῆς
963 3626 974 3659 ⁸
991 3627 1181 3678 (innumerae.

316 3704 404 3768 ψυχῆς,
428 3704 547 3768 monning
569 3704 647 3754 either
662 3703 819 3754 bomiliotion
837 3722 866 3754 or
961 3706 1066 3758 ‘Mes
1086 3707 1227 3771 pnfin'errtt',
1252 3711 1296 3760 the
1313 3712 1372 3762 final
1391 3713 1465 3766 letter

313 3783 445 3847 esrem·
475 3799 503 3832 so
527 3784 579 3833 uso
602 3785 646 3834 ue
671 3783 725 3848 syr.
753 3770 866 3830 anto
912 3791 987 3855 song
1002 3792 1051 3840 rose
1067 3791 1094 3840 in
1109 3807 1153 3840 ee
1168 3792 1302 3859 following.

314 3867 392 3917 Matt.
405 3866 456 3915 xxi.
470 3878 493 3928 5,
507 3881 593 3916 meane
610 3865 763 3916 eithermerlr
778 3881 864 3918 oraor-
988 3873 1150 3924 'I'hecnnnm
1160 3875 1218 3925 MS.
1232 3876 1292 3925 adds
1299 3876 1374 3941 Deua,
1384 3879 1465 3930 whieb

312 3948 408 4011 roufol.
914 3955 977 4004 Gon.
994 3955 1070 4017 Vm„
1090 3959 1152 4018 AB„
1173 3956 1254 4009 Voss.
1275 3958 1409 4010 substitute
1425 3961 1465 4010 for

361 4029 372 4062 ²
389 4030 467 4094 Upon
484 4029 535 4078 this
552 4045 629 4094 usage
646 4030 675 4079 ol
691 4030 735 4078 the
752 4029 821 4079 Jews
838 4034 866 4078 ab
912 4035 1042 4087 Dominus.
1081 4037 1134 4086 The
1160 4043 1212 4088 rest
1236 4039 1300 4089 bare
1326 4041 1370 4090 the
1396 4057 1464 4092 more

312 4113 377 4163 their
387 4112 508 4178 prinoipal
521 4113 605 4174 senata,
623 4113 673 4162 and
683 4113 748 4162 their
758 4115 865 4177 putieu-
912 4118 1029 4182 probable
1044 4119 1148 4184 reading
1163 4121 1192 4169 ol
1205 4121 1248 4170 the
1264 4126 1326 4172 text.

312 4193 523 4244 larnoolamation
534 4211 567 4243 on
577 4194 621 4242 the
631 4199 732 4257 present
742 4195 863 4255 oooaaion,
962 4196 973 4231 ⁶
990 4197 1090 4250 Onnum.
1106 4201 1146 4250 ἐπὶ
1161 4201 1207 4261 τὴν
1217 4203 1266 4249 τῶν
1282 4203 1412 4266 ἀνθρώπων
1427 4203 1464 4253 dt·

312 4275 356 4324 the
366 4275 453 4323 render
466 4277 488 4324 is
503 4275 611 4326 referred
621 4283 648 4326 to
663 4277 707 4326 the
717 4276 866 4326 Rebbinieal
911 4282 963 4342 ξαν,
975 4279 1005 4328 tn
1018 4279 1156 4344 opbrmnam
1166 4281 1297 4333 bmoiorua.
1332 4285 1364 4334 al.
1372 4284 1465 4348 alerio.

312 4355 363 4406 and
373 4357 444 4406 other
454 4355 680 4406 referenoeainthe
688 4357 786 4408 editor's
794 4359 865 4408 work
961 4359 1033 4410 ⁷01..
1046 4361 1117 4424 praed.

311 4453 380 4502 upon
398 4439 442 4487 the
461 4437 536 4486 llam
554 4437 646 4500 dedo,
667 4455 710 4503 pp.
726 4451 862 4502 254-257.
960 4441 1074 4492 ⁸omdroe
1084 4441 1218 4506 eamdam,
1228 4444 1310 4510 ὥσπερ
1321 4449 1389 4500 σκιᾶς
1399 4465 1465 4500 war

311 4520 374 4568 Also
390 4523 418 4567 to
433 4517 597 4568 aVraitetion
615 4519 719 4570 Sermon
734 4535 802 4585 upon
819 4521 862 4571 Pe.
912 4521 1089 4574 ermenone
1105 4522 1149 4573 τοῦ
1159 4523 1237 4588 νόμον,
1250 4525 1296 4578 but
1306 4529 1366 4580 read
1376 4529 1411 4595 by
1421 4530 1465 4579 the

312 4597 394 4650 cxviii.
408 4595 447 4650 26.
468 4599 538 4660 1853.
910 4601 1083 4653 translatores
1094 4605 1162 4656 orate
1172 4621 1241 4658 mor.
