3334 5070
340 405 384 472 92
748 423 919 475 sommus
945 421 1078 474 senem

198 595 251 635 ΗΒ.
261 593 301 634 lll.

206 643 263 680 xvtti.
276 643 291 679 Ι.

175 687 323 818 ‘'rhtjtptf·
782 685 882 750 cnr.
907 683 1048 749 xvnr.

530 847 592 923 De
609 875 649 924 oo
666 847 731 948 qui
747 847 932 924 descendit
950 847 1130 950 iniquum
1147 845 1308 946 Spiritu.

407 1034 436 1097 l.
474 1029 613 1096 Ernnrn
639 1039 806 1118 potuerunt
823 1031 925 1098 dicere
947 1031 1102 1118 Apostoli,
1125 1031 1282 1098 Christum
1298 1029 1494 1096 descendisse
1508 1052 1596 1092 unos

340 1133 372 1200 in
387 1133 411 1200 J
412 1157 499 1202 esum
511 1162 520 1211 ;
544 1143 600 1200 aut
614 1135 700 1200 illum
714 1136 904 1224 superiorem
917 1136 1119 1214 Snlvstorem,
1134 1135 1167 1200 in
1181 1158 1252 1200 eum
1269 1135 1321 1220 qui
1335 1133 1377 1198 sit
1392 1135 1494 1220 dispo·

340 1239 481 1316 sitiunis;
505 1250 560 1306 eut
581 1241 667 1305 illurn
682 1241 735 1328 qui
750 1249 799 1305 est
813 1241 853 1304 ab
873 1239 1086 1317 invisibilibus,
1101 1239 1133 1302 in
1152 1259 1225 1303 eum
1243 1237 1295 1324 qui
1315 1245 1365 1302 est
1386 1235 1496 1301 Demi-

341 1343 428 1430 urgi:
452 1345 507 1408 sed
528 1343 606 1408 nihil
631 1343 755 1430 quidem
781 1343 844 1408 tale
867 1364 967 1429 neque
990 1341 1137 1420 scierunt,
1158 1365 1258 1430 neque
1282 1341 1444 1414 dixerunt;
1467 1339 1494 1404 si

340 1447 423 1511 enim
444 1445 587 1526 scissent,
613 1451 662 1512 ¹et
685 1447 839 1512 dixissent
863 1446 989 1531 utique:
1021 1446 1104 1532 quod
1129 1453 1234 1510 nutem
1264 1453 1341 1524 erat,
1372 1446 1431 1509 hoc
1461 1453 1495 1508 et

179 1563 315 1650 &gap-2¹25
341 1549 496 1627 dixerunt,
513 1549 663 1636 Spiritum
679 1549 739 1614 Dei
754 1551 836 1615 sicut
851 1549 1025 1614 columbam
1040 1550 1234 1616 descendisse
1249 1550 1281 1613 in
1296 1569 1387 1622 eum:
1411 1548 1494 1614 hunc

179 1667 296 1708 Eunt-²·
343 1651 502 1738 Spiritum,
527 1653 566 1717 de
588 1675 649 1738 quo
672 1654 713 1717 ab
737 1652 833 1718 Esaia
853 1651 970 1717 dictum
992 1660 1051 1729 est,
1074 1652 1119 1716 Et
1137 1653 1301 1738 requiescet
1322 1673 1495 1736 supereum

179 1777 305 1818 annun
343 1756 481 1842 Spiritus
508 1756 582 1835 Dei,
612 1755 694 1822 sicut
722 1755 934 1842 praediximus.
984 1755 1029 1820 Et
1055 1755 1185 1820 iterum:
1210 1755 1348 1842 Spiritus
1367 1753 1496 1818 Domini

341 1879 434 1943 super
461 1881 516 1938 ene,
542 1868 669 1946 propter
697 1859 778 1944 qnod
801 1858 892 1922 unuit
920 1879 977 1923 me.
1016 1855 1083 1922 Iste
1110 1855 1254 1943 Spiritus,
1284 1856 1323 1920 de
1356 1877 1417 1942 quo
1448 1855 1495 1920 ait

179 1979 308 2019 nnana:
344 1959 514 2024 Dominus:
536 1961 610 2024 Non
632 1960 712 2025 enim
730 1981 780 2026 oea
798 1961 869 2024 estis
887 1960 941 2046 qui
961 1959 1132 2046 loquimini,
1152 1958 1205 2024 sed
1226 1957 1363 2044 Spiritus
1383 1957 1496 2022 Patris

343 2063 436 2128 uestri
450 2064 504 2148 qui
518 2063 653 2148 loquitur
668 2065 702 2127 in
715 2062 804 2128 uobis.
850 2062 895 2127 Ea
909 2062 1021 2128 itemm
1032 2070 1220 2148 potestatem
1235 2060 1495 2148 ²regenersti0nis

180 2177 322 2265 gemul-
343 2165 376 2231 in
399 2167 503 2231 Deum
517 2169 618 2232 ³dans
640 2167 808 2253 discipulis,
829 2166 953 2232 dicebat
973 2153 1037 2232 eis:
1058 2167 1174 2230 Duntee
1196 2166 1294 2229 docete
1315 2187 1412 2229 omnes
1423 2187 1495 2251 qen

202 2253 209 2264 ’
343 2279 394 2348 tec,
419 2267 602 2355 bapti-euntes
622 2292 669 2335 eos
691 2271 726 2334 in
747 2269 866 2334 norreine
880 2269 1001 2346 Putris,
1027 2279 1054 2334 et
1067 2268 1162 2347 Filii,
1183 2278 1212 2334 et
1229 2269 1367 2353 Spiritus
1387 2269 1496 2334 suncti.

344 2373 440 2439 Hunc
449 2373 533 2438 enim
547 2373 689 2460 promisit
701 2395 757 2460 per
770 2372 938 2460 prophetas
947 2374 1104 2438 effundere
1119 2373 1151 2436 in
1167 2372 1341 2438 novissimis
1351 2373 1495 2457 tempori.

176 2483 223 2524 ¹⁰²¹
232 2481 253 2522 ¹¹·
262 2485 292 2523 ⁹⁹·
341 2475 400 2540 bus
414 2497 507 2563 super
517 2498 622 2542 servos
633 2485 666 2542 et
679 2476 817 2554 ancillas,
834 2484 870 2540 ut
884 2475 1089 2562 prophetent:
1109 2475 1190 2540 unde
1205 2475 1280 2540 etin
1294 2473 1410 2538 Filium
1422 2473 1494 2548 Dei,

342 2577 458 2644 Filium
469 2579 616 2645 Hominis
625 2579 752 2657 factum,
763 2577 933 2656 descendit,
944 2593 1014 2643 curn
1027 2578 1094 2663 ipso
1104 2582 1301 2642 ⁴assuescens
1310 2576 1450 2642 habitere
1461 2575 1494 2640 in

339 2703 453 2767 genere
468 2683 613 2760 humano,
629 2691 662 2746 et
676 2680 869 2768 requiescere
890 2681 922 2744 in
941 2681 1130 2758 hominibus,
1151 2687 1184 2744 et
1202 2679 1344 2744 habitere
1362 2680 1395 2744 in
1414 2680 1495 2766 plns·

341 2790 425 2846 mate
447 2782 518 2861 Dei,
541 2783 732 2847 voluntatem
756 2782 862 2845 Patris
884 2803 1015 2867 operans
1038 2782 1071 2844 in
1093 2781 1178 2867 ipsis,
1205 2789 1238 2846 et
1265 2804 1417 2846 renovans
1442 2805 1496 2848 eos

342 2910 362 2952 a
381 2895 537 2953 vetustate
557 2890 589 2954 in
608 2889 778 2953 novitatem
805 2887 933 2954 chrisn.
981 2887 1078 2952 Hunc
1095 2887 1246 2972 Spiritum
1269 2889 1378 2974 ⁶petiit
1394 2889 1496 2954 David

343 2989 480 3052 humano
490 2991 607 3076 generi,
622 2989 748 3054 dicens:
774 2989 817 3053 Εἰ
828 2989 952 3075 Spiritu
958 2989 1137 3074 principali
1151 2991 1295 3071 confirmo
1307 3011 1363 3054 me.
1395 2991 1497 3072 Quem

343 3099 376 3155 et
398 3091 594 3156 descendisse
612 3091 714 3156 Lucas
735 3091 781 3155 sit
795 3099 867 3178 post
881 3111 1045 3156 ascensum
1061 3090 1187 3156 Domini
1211 3111 1305 3177 super
1329 3091 1497 3176 discipulos

344 3193 376 3256 in
393 3193 590 3270 Pentecoste,
600 3193 768 3256 habentem
782 3199 970 3276 potestatem
983 3191 1120 3256 omnium
1131 3191 1273 3278 gentium
1281 3193 1322 3257 ad
1335 3193 1496 3258 introitum

343 3294 425 3372 vitae,
442 3304 475 3358 et
490 3292 546 3358 ‘ad
561 3293 752 3380 apertionem
766 3293 836 3358 novi
850 3293 1062 3358 Testamenti:
1080 3293 1163 3359 unde
1177 3302 1210 3359 et
1223 3295 1367 3360 omnihus
1381 3295 1497 3383 linguis

344 3396 555 3482 conspirantes
570 3397 718 3482 hymnum
734 3395 878 3461 dicebant
894 3397 974 3474 Deo,
986 3397 1105 3482 Spiritu
1119 3399 1159 3462 ad
1173 3398 1325 3462 unitatem
1336 3399 1496 3486 redigente

344 3500 496 3564 distantes
515 3499 626 3576 tribus,
652 3507 686 3564 et
710 3500 865 3585 primitias
887 3502 1027 3566 omnium
1052 3502 1194 3590 gentium
1220 3503 1368 3567 offerente
1396 3503 1496 3569 Patri.
1509 3535 1588 3580 ost..

345 3603 439 3670 Unde
454 3612 487 3669 et
502 3603 658 3668 Dominus
680 3602 836 3687 pollicitus
857 3611 907 3669 est
929 3603 1054 3670 mittere
1075 3627 1110 3671 se
1133 3605 1341 3686 Paracletum,
1364 3608 1416 3692 qui
1439 3629 1497 3673 nos

341 3715 465 3794 aptaret
488 3707 569 3774 Deo.
615 3705 704 3771 Sicut
729 3705 812 3771 enim
835 3707 874 3773 de
898 3707 985 3773 arido
1011 3709 1116 3775 tritico
1141 3731 1245 3775 messe
1263 3733 1325 3776 una
1346 3711 1412 3776 fieri
1433 3733 1496 3776 non

342 3817 445 3898 potest
464 3811 532 3876 sine
551 3811 691 3888 humore,
714 3833 813 3896 neque
834 3833 915 3877 unus
935 3813 1043 3898 panis:
1067 3815 1112 3879 ita
1130 3835 1187 3880 nec
1210 3837 1267 3880 nos
1289 3815 1376 3881 multi
1400 3839 1496 3880 unum

342 4033 392 4082 and
401 4033 481 4082 Voss.
495 4034 571 4083 MSS.
610 4035 706 4084 Earlier·
722 4035 826 4084 editions
845 4035 896 4084 end
945 4037 1066 4101 Compare
1077 4037 1135 4088 Vol.
1149 4039 1231 4098 1.181,
1247 4055 1272 4089 n.
1286 4055 1310 4101 r;
1332 4042 1384 4100 182,
1398 4058 1423 4089 n.
1436 4055 1455 4089 r.

344 4115 520 4176 ttnnnhave,
534 4117 607 4166 Dein.
993 4117 1116 4169 ⁸Earlier
1134 4121 1198 4170 Edd.
1219 4121 1377 4182 demendum,
1403 4123 1497 4186 hythe

392 4195 403 4226 ¹
419 4203 440 4243 et
455 4196 475 4244 is
490 4199 605 4262 properly
616 4199 728 4263 replaced
743 4201 769 4247 in
785 4200 827 4248 the
841 4203 897 4248 text
945 4199 1138 4263 amalgamation
1155 4201 1184 4250 ot
1197 4201 1284 4252 Deum.

344 4277 378 4339 by
389 4277 486 4336 Mssa..
500 4279 539 4325 l'or
554 4280 575 4326 ie
589 4281 610 4328 is
626 4281 703 4330 found
718 4284 744 4330 in
760 4283 803 4330 the
814 4281 894 4330 Voss.
994 4281 1005 4311 ⁴
1022 4285 1158 4341 εἰθισμένος.

345 4355 411 4414 MS,
425 4357 497 4404 while
514 4357 557 4405 the
572 4359 670 4408 Cunnu.
684 4362 728 4408 has
742 4361 894 4411 adher-unt.
993 4360 1004 4392 ὅ
1022 4362 1131 4423 Cursu„
1146 4365 1206 4424 An,
1221 4365 1267 4414 but
1278 4365 1358 4416 Voss.
1368 4365 1436 4430 petit.

345 4439 385 4486 nal
397 4437 463 4484 εἶπον
474 4435 510 4496 du,
524 4438 605 4486 would
617 4439 647 4487 be
658 4441 701 4488 the
712 4441 802 4491 Greek.
994 4439 1005 4472 ⁸
1021 4442 1055 4489 ud
1066 4443 1222 4503 opertionem.
1231 4447 1425 4510 ..conspirantes
1445 4447 1497 4496 The

394 4513 473 4562 ’The
481 4523 619 4564 sacrament
628 4519 656 4564 ot
665 4519 777 4582 Baptism
789 4519 809 4568 is
817 4519 896 4568 thers-
946 4520 1199 4572 crismatum
1213 4527 1336 4592 readings.
1366 4531 1416 4579 As.
1430 4545 1498 4592 uper*-

345 4597 397 4650 fore
411 4596 427 4654 ἡ
438 4597 532 4654 δύναμις
543 4597 586 4655 τῆς
597 4599 773 4658 &cumvictus
785 4602 816 4648 et:
828 4601 894 4649 eeu.
945 4601 1248 4664 runem...comptranur.
