3270 5080
307 423 373 492 272
712 439 788 492 nux
815 439 1041 492 mnnnmrrs

167 610 269 650 nrnrv.
372 595 403 656 4.
438 591 474 657 Si
492 600 597 658 autem
615 593 767 660 libertatis
783 592 844 672 lex,
866 593 899 658 id
919 599 978 672 est,
998 581 1130 657 verbum
1148 591 1208 656 Dei
1226 591 1267 656 ab
1281 587 1459 677 Apostolis,

172 657 265 742 obiti.
308 693 360 779 qui
381 695 422 760 ab
443 695 642 762 Hierusalem
661 697 812 774 exierunt,
833 695 1051 762 annuntiatum
1072 695 1123 760 ¹in
1141 695 1316 760 universam
1329 700 1459 768 terram,

156 748 283 882 Μέξξὲῐῖ
307 795 340 862 in
357 805 480 862 tantum
494 799 786 864 transmutationem
800 799 884 877 feeit,
904 807 940 864 ut
957 799 1078 886 gladios
1092 808 1126 865 et
1142 799 1269 865 lanceas
1282 797 1461 862 bellatoriae

308 897 341 962 in
351 907 456 964 aratra
466 900 682 966 labdeaverint
696 901 799 987 ”ipsse
812 911 846 966 et
860 901 893 964 in
904 901 998 966 lsloes
1009 923 1079 988 quae
1091 901 1217 967 donavit
1228 900 1269 965 ad
1280 899 1462 965 metendum

305 1001 496 1068 frumentum
520 1003 571 1068 ³iu
594 1025 712 1092 organa
730 1004 861 1090 paeilioa
879 1005 1132 1084 ⁴demutaverint,
1155 1009 1207 1070 let
1226 1007 1294 1090 jam
1316 1003 1462 1068 nesciunt

143 1119 204 1162 Μαι
214 1121 272 1161 ¹·ae
308 1129 456 1194 pugnare,
472 1109 527 1174 sed
541 1110 678 1196 percussi
690 1119 723 1175 et
737 1109 867 1174 alteram
878 1110 1017 1194 praebent
1028 1109 1201 1184 maxillam3
1225 1129 1288 1173 non
1302 1106 1342 1171 de
1355 1105 1461 1190 aliquo

308 1211 387 1276 ⁶alio
402 1213 561 1299 prophetae
575 1213 721 1280 dixenmt
735 1213 814 1292 baeo,
826 1213 899 1278 ⁶sed
914 1213 953 1278 de
967 1235 1005 1278 eo
1020 1212 1073 1300 qui
1088 1211 1163 1278 leoit
1175 1233 1224 1277 ea.
1270 1210 1335 1275 Hic
1352 1216 1460 1273 autem

306 1321 355 1379 est
371 1314 526 1382 Dominus
545 1325 661 1396 noster,
677 1326 710 1383 et
724 1317 757 1381 in
771 1317 831 1383 hoo
845 1325 895 1382 est
913 1337 1016 1382 sermo
1031 1338 1139 1382 verus:
1163 1315 1309 1401 quoniam
1324 1315 1391 1399 ipse
1408 1319 1459 1378 est
1474 1333 1509 1373 rr.
1520 1335 1569 1378 ras.

307 1417 360 1504 qui
385 1426 523 1484 aratrum
548 1419 632 1498 leoit,
658 1427 692 1484 st
717 1419 828 1485 isloem
855 1419 970 1495 intulit,
997 1418 1057 1484 hoo
1081 1425 1141 1498 est,
1166 1417 1300 1483 hominis
1326 1417 1459 1504 primam

306 1520 543 1586 seminationem
563 1543 634 1608 quse
654 1521 714 1587 luit
734 1523 905 1588 seeundum
926 1521 1032 1588 Adam
1051 1521 1225 1608 plasmatio,
1247 1519 1334 1586 etin
1357 1519 1459 1585 novis·

307 1621 396 1687 simis
409 1624 601 1710 temporibus
616 1647 671 1710 per
681 1624 823 1690 Verbum
838 1625 1000 1692 oolleetam
1011 1624 1300 1691 fructificationem:
1324 1631 1357 1688 et
1368 1645 1460 1710 prop·

307 1732 356 1788 ter
377 1724 436 1790 hoe
455 1725 556 1812 ⁷qu0d
580 1727 705 1792 initium
722 1728 777 1793 fini
796 1729 1015 1816 conjungebat,
1036 1737 1069 1794 et
1084 1735 1285 1814 utrorumque
1305 1725 1461 1792 Dominus

307 1826 471 1906 exsistens,
500 1829 532 1894 in
558 1829 620 1896 fine
646 1831 771 1918 quidem
795 1841 935 1896 aratrum
961 1830 1107 1910 ostendit,
1136 1830 1257 1919 lignum
1281 1829 1461 1915 copulatum

307 1929 398 2007 ferro,
421 1938 454 1996 et
475 1930 521 1998 sio
542 1931 611 2017 ejus
631 1933 816 2020 expurgarit
835 1942 968 1998 terram:
997 1934 1143 2020 quonism
1168 1935 1293 1998 firmum
1318 1931 1462 1997 Verbum

307 2031 470 2098 adunitum
490 2035 586 2114 carni,
607 2044 640 2102 et
658 2037 767 2102 habitu
787 2036 896 2102 ⁸taleis
916 2037 1057 2102 confixus
1080 2037 1259 2102 emundavit
1280 2035 1462 2123 sylvestrem

307 2141 434 2203 terram.
475 2137 571 2204 Initio
585 2147 690 2206 autem
705 2141 818 2208 falcem
831 2141 987 2228 figurabat
1001 2163 1056 2226 per
1070 2141 1162 2218 Abel,
1174 2140 1372 2228 ⁰significuus
1382 2139 1462 2226 justi

144 2247 197 2288 Μ·
207 2248 250 2288 ¹v¹t
259 2249 277 2288 ¹·
308 2239 431 2324 generis
441 2240 609 2308 humanam
621 2244 880 2310 ¹⁰oolleetionem:
902 2244 978 2310 Vide
989 2245 1078 2321 enim,
1090 2243 1201 2328 inquit,
1212 2243 1353 2329 qumnodo
1360 2243 1464 2326 justrn

301 2341 398 2425 perit,
411 2346 690 2426 summittuntur,
703 2357 730 2412 et
744 2348 809 2412 oiri
815 2347 895 2431 justi
909 2345 1065 2422 tolluntur,
1077 2354 1199 2410 arnono
1211 2344 1461 2432 1¹encipircord0.

309 2443 392 2510 Haeo
413 2455 519 2512 autem
539 2449 572 2513 in
594 2450 678 2515 Abel
700 2451 825 2537 quidem
846 2449 1149 2536 praemeditabamur,
1171 2471 1192 2513 a
1210 2447 1370 2535 prophetis
1389 2469 1461 2513 vero

308 2551 575 2631 praeconabantur,
599 2552 632 2616 in
651 2553 818 2618 l¹Domino
837 2559 944 2618 sutem
964 2550 1210 2637 perliniebantur,
1234 2555 1297 2616 ιιοι
1316 2551 1350 2614 in
1371 2549 1461 2616 nobis

307 2657 413 2714 autem
428 2651 562 2739 idipsum
576 2664 635 2734 est,
651 2663 860 2742 consequente
870 2675 999 2740 eorpore
1013 2675 1104 2718 suum
1119 2661 1223 2739 eaput.
1261 2653 1306 2718 Et
1315 2654 1463 2718 adversus

308 2771 362 2818 eos
380 2755 515 2860 quidem,
537 2757 590 2844 qui
611 2759 652 2824 ab
673 2758 735 2824 alio
757 2759 828 2824 Deo
848 2757 1016 2843 prophetas
1035 2757 1154 2836 dieunt,
1175 2757 1217 2822 ab
1237 2755 1336 2822 altero
1356 2763 1462 2821 autem

358 2939 367 2972 ¹
385 2941 419 2991 So
437 2944 480 2994 tbe
497 2948 549 2995 Aa.
566 2945 616 2996 and
630 2946 717 2996 Mne.
735 2959 766 2996 11.
781 2947 859 2996 MSS.
911 2947 962 3010 ing,
975 2945 1022 2995 but
1033 2945 1129 2996 neither
1139 2945 1231 3009 givssa
1242 2943 1372 3004 sufficient,
1383 2943 1405 2991 if
1413 2957 1463 3007 any

308 3019 361 3071 'l'he
378 3023 458 3074 Voss.
475 3026 623 3076 substitutas
640 3034 672 3076 eat
685 3027 723 3076 lor
737 3028 773 3078 ia.
808 3027 861 3076 The
910 3041 990 3074 senae.
1025 3023 1078 3072 The
1092 3024 1222 3087 metapbor
1235 3023 1264 3070 ol
1276 3021 1463 3086 theploughis

310 3105 410 3154 Ourna.
424 3106 469 3154 baa
480 3107 550 3158 both.
910 3106 962 3154 still
973 3105 1099 3170 evidently
1107 3103 1201 3153 carried
1212 3119 1252 3154 on.
1287 3103 1340 3152 The
1351 3103 1428 3151 union
1437 3101 1466 3151 οι

359 3183 453 3248 'ipsun
472 3203 506 3237 so.
523 3196 608 3250 penus.
642 3191 704 3250 Aa„
725 3191 813 3242 Murro,
828 3203 859 3243 n,
910 3191 963 3235 two
974 3187 1119 3235 substanoes
1135 3186 1161 3234 in
1178 3185 1211 3234 ita
1228 3183 1400 3247 composition,
1419 3183 1463 3232 the

309 3267 375 3330 ipsu
391 3267 447 3329 On,
456 3269 537 3321 Voss.
545 3269 708 3334 febriente-it
719 3271 783 3336 ἐμω
793 3274 859 3324 Vsu.
910 3267 965 3318 iron
982 3268 1010 3317 of
1024 3268 1068 3317 tbe
1084 3267 1156 3316 share
1171 3265 1222 3315 and
1238 3266 1281 3314 tha
1294 3265 1366 3314 wood
1379 3264 1462 3314 nithe

304 3347 441 3410 fabricarit
455 3350 513 3413 ipse.
669 3354 703 3402 In
717 3353 795 3418 solea
810 3371 862 3419 qua
910 3349 990 3410 bearn,
1010 3349 1085 3412 being
1098 3349 1141 3398 ths
1155 3349 1239 3412 points
1253 3347 1283 3396 οι
1297 3347 1461 3410 eomparison.

310 3429 417 3490 donavit
437 3433 469 3482 εις
486 3433 593 3495 δρέπανα
609 3434 625 3482 d
642 3436 735 3486 ἔδωκεν,
910 3431 963 3480 'ibe
975 3431 1057 3480 Greek
1068 3431 1129 3479 then
1144 3429 1159 3478 1
1174 3430 1282 3494 imagine
1296 3433 1322 3478 ιο
1335 3429 1400 3478 have
1412 3428 1463 3477 bad

358 3507 370 3540 ⁸
385 3509 412 3556 A
428 3525 490 3574 very
505 3511 623 3575 probable
637 3513 712 3578 gloss,
731 3515 781 3564 and
799 3515 860 3565 alto-
911 3511 951 3559 και
963 3511 1072 3572 σχήματι
1083 3509 1150 3569 ἥλοις
1160 3511 1362 3569 corrumpi-ros
1377 3508 1462 3558 ἐκαθά·

310 3593 397 3657 gether
412 3593 560 3645 redundant.
910 3609 976 3655 ρισεν
987 3594 1031 3651 τιν
1043 3591 1129 3653 ἀγρίαν
1139 3593 1195 3654 γῆν,
1204 3590 1258 3640 and
1269 3589 1299 3638 in
1309 3590 1341 3638 ita
1352 3590 1462 3640 mehan-

359 3673 370 3706 ⁴
387 3674 441 3736 (ln,
456 3675 536 3726 Voss.
549 3675 721 3736 demutaveritr
738 3679 804 3729 Vm.
822 3679 861 3730 de·
910 3673 1030 3736 irmfiacd
1042 3674 1100 3724 ott
1107 3675 1168 3737 pins
1179 3675 1238 3738 (and
1250 3679 1276 3722 ιο
1287 3673 1338 3723 this
1348 3673 1406 3737 day,
1420 3673 1463 3744 the

310 3757 419 3806 ιηοιαοιι.
911 3757 983 3805 share
997 3757 1019 3804 is
1033 3757 1099 3806 lixed
1115 3757 1140 3806 in
1154 3757 1187 3805 its
1201 3757 1270 3820 plaoe
1283 3757 1317 3821 by
1327 3772 1343 3804 a
1359 3755 1463 3804 wooden

358 3839 370 3872 ³
385 3841 438 3891 Aa.
451 3841 526 3890 omits
537 3849 564 3904 et,
578 3842 635 3894 οιιο.
911 3855 960 3904 peg
970 3855 999 3888 or
1010 3839 1089 3902 taho),
1104 3839 1123 3887 ιι
1134 3839 1179 3888 ιω
1188 3837 1317 3888 meimet
1329 3837 1368 3887 the
1377 3853 1464 3900 werpe

358 3921 370 3954 ⁶
385 3922 427 3971 red
439 3959 499 3973 .....
509 3939 546 3984 ee,
569 3925 639 3973 these
660 3923 698 3973 sir
717 3923 798 3974 words
820 3941 862 3974 are
911 3919 987 3970 earth
1020 3919 1100 3969 'l'bese
1111 3919 1178 3969 tolete
1188 3919 1463 3984 beingalaothaoorre·

309 4002 414 4054 omitted
435 4002 462 4052 in
483 4003 526 4052 tha
549 4003 665 4065 (πως
687 4003 737 4054 lum
755 4005 862 4069 perhaps
911 4003 1000 4053 letires
1011 4003 1040 4052 of
1047 4003 1091 4052 the
1101 3999 1158 4062 sihor
1168 4003 1197 4050 ol
1204 4003 1247 4052 the
1256 4002 1368 4052 Pausian.
1402 4002 1463 4062 σχή-

309 4085 396 4137 stands
406 4085 433 4132 in
444 4085 488 4134 the
498 4085 568 4150 plaoe
579 4085 607 4134 oi
620 4101 656 4135 eo.
910 4103 978 4145 ματι,
992 4085 1018 4133 in
1029 4084 1284 4145 allusion,aanm
1295 4084 1424 4148 imagines,
1436 4087 1464 4132 ιο

358 4165 369 4198 ⁷
386 4165 517 4228 quodmas
533 4167 558 4214 in
572 4165 605 4214 all
619 4167 663 4215 tha
678 4165 755 4215 MSS.
774 4173 863 4232 sxoept
912 4165 1020 4230 Philipp.
1033 4167 1058 4215 ii.
1072 4167 1095 4226 8,
1109 4165 1218 4230 soaroely
1228 4165 1299 4214 suits.

309 4247 352 4296 tbe
373 4247 462 4307 Voss,
479 4248 560 4297 whioh
577 4248 707 4298 Messon
724 4247 819 4298 follows
835 4250 862 4299 in
961 4247 972 4280 ⁹
988 4248 1040 4296 Aa.
1053 4246 1212 4310 nobilitabat.

308 4329 411 4392 reading
421 4327 502 4391 qui...
961 4329 983 4362 ¹⁰
1001 4329 1164 4390 oolleaionern,
1198 4330 1304 4394 perhaps
1337 4329 1462 4390 σύστασιν,

357 4409 461 4458 8ιοιοιι.
492 4409 548 4460 Ido
560 4412 862 4464 notbesitatatorestors
912 4424 930 4464 1.
941 4423 1018 4474 35,a;
1033 4413 1079 4460 but
1090 4427 1157 4462 mors
1168 4411 1296 4476 probably,
1310 4413 1429 4472 σύλλεξυ.

307 4491 358 4541 this
369 4490 452 4549 word3
470 4491 557 4540 talleis
569 4493 668 4542 written
678 4494 705 4542 iu
717 4493 751 4542 all
762 4495 808 4543 but
818 4495 862 4544 the
961 4493 982 4526 ¹²
999 4493 1050 4544 Ab.
1063 4487 1170 4555 aliptes,
1182 4493 1242 4544 Deo.

308 4573 387 4620 Voss.
395 4571 662 4630 Mafflhiobhastals':
674 4575 861 4639 Gmaadopt·
962 4573 984 4606 ²¹
1000 4576 1040 4624 rel
1049 4575 1074 4626 ἐν
1084 4574 1139 4634 ἡμῖν
1147 4575 1207 4624 αὐτὸ
1215 4573 1287 4626 nort
1299 4575 1464 4636 lwedrshou·

308 4653 352 4714 ing
360 4653 404 4701 the
411 4651 512 4713 former,
522 4653 652 4702 Msssum
661 4655 703 4702 tha
711 4653 786 4704 latter
793 4655 861 4703 read·
914 4655 1031 4716 atomos
1041 4657 1085 4705 τοι
1096 4657 1208 4714 σώματος
1218 4657 1251 4718 τῇ
1262 4658 1336 4706 αὑτοῦ
1347 4659 1452 4718 κεφαλῇ.
