3292 5068
306 375 350 442 20
617 389 729 444 DEUM
754 389 910 446 PATREM
935 389 983 444 ΕΤ
1007 389 1146 444 FILIUM

141 562 293 648 appqpiqa
306 543 470 624 modicam,
485 551 519 610 et
529 543 629 612 multa
642 553 772 633 peccata
781 545 982 634 sibimetipsis
995 543 1256 632 importaverunt!
1279 539 1461 630 Ignorantia

153 637 284 741 fflfpiss'·
306 655 413 714 autem
426 655 527 715 mater
540 649 651 715 horum
666 649 804 716 omnium
821 671 876 736 per
889 647 1081 737 agnitionem
1099 639 1276 713 evacuatur.
1312 643 1459 732 Agnitio-

146 778 295 788 ---
307 771 379 816 nem
396 771 470 838 ergo
492 750 625 816 iaciebat
643 751 798 817 Dominus
818 752 884 818 suis
903 749 1071 838 discipulis,
1092 770 1148 836 per
1164 769 1259 836 quam
1275 755 1309 812 et
1330 747 1459 812 curabat
1473 769 1504 809 rr.
1514 770 1557 810 roo.

305 851 492 933 laborantes,
514 861 548 918 et
570 862 750 940 peccateres
772 875 793 920 a
817 861 946 940 peccato
969 851 1142 919 coercebat.
1188 851 1261 916 Nou
1281 849 1376 938 igitur
1393 849 1461 935 jam

305 956 477 1021 secuudum
497 955 660 1041 pristinam
681 957 856 1044 opinionem
877 957 1061 1043 loquebatur
1084 955 1140 1033 eis,
1166 974 1266 1038 neque
1291 951 1462 1018 secundum

306 1058 512 1144 suspicionem
526 1060 783 1148 interrogantium
797 1059 1003 1147 respondebat
1014 1058 1077 1134 eis;
1093 1057 1148 1122 sed
1163 1055 1334 1122 seeundum
1348 1053 1462 1120 doetri-

306 1183 380 1228 nam
394 1162 572 1242 salutarem,
588 1172 621 1229 et
634 1164 701 1230 sine
715 1163 879 1250 hypocrisi,
894 1171 928 1230 et
941 1161 1009 1229 siue
1022 1183 1163 1246 personae
1179 1158 1419 1246 ¹acceptatione.

372 1269 404 1332 3.
449 1266 539 1348 Quod
550 1265 646 1332 etiam
659 1288 700 1332 ex
715 1266 844 1332 Domini
855 1266 1048 1332 sermonibus
1059 1263 1250 1330 ostenditur:
1268 1261 1321 1348 qui
1336 1259 1462 1346 quidem

306 1369 356 1434 his
370 1369 422 1454 qui
433 1378 523 1435 eraut
537 1390 578 1432 ex
592 1367 824 1434 circumcisione
835 1368 1020 1435 ostendebat
1035 1367 1151 1432 Filium
1166 1367 1238 1444 Dei,
1253 1387 1325 1431 enm
1339 1363 1392 1450 qui
1407 1385 1463 1449 per

305 1473 475 1558 prophetas
488 1471 673 1558 praedieatus
687 1471 789 1536 fuerat
803 1473 972 1550 Christum,
986 1471 1047 1536 hoc
1061 1479 1110 1536 est
1128 1469 1341 1554 semetipsum,
1364 1467 1463 1531 maui-

306 1575 452 1652 lestabat,
473 1573 526 1659 qui
543 1572 719 1638 libertatem
738 1573 916 1640 homiuibus
932 1574 1160 1652 restauraverit,
1174 1581 1208 1638 et
1221 1571 1399 1638 attribuerit
1415 1569 1462 1634 in-

307 1677 489 1764 corruptelae
503 1677 727 1743 haereditatem.
757 1677 878 1742 Gentes
890 1685 997 1742 autem
1010 1676 1124 1742 iterum
1137 1677 1291 1743 docebant
1306 1673 1462 1762 Apostoli,

307 1788 344 1846 ut
357 1780 566 1866 relinquerent
579 1801 659 1844 vana
672 1778 757 1866 ligna
768 1783 801 1846 et
815 1778 942 1864 lapides,
958 1801 1029 1864 quae
1042 1779 1279 1864 auspicabantur
1293 1799 1361 1842 esse
1376 1777 1462 1854 deos,

307 1891 340 1949 et
354 1905 461 1948 verum
475 1882 612 1948 colerent
626 1882 741 1962 Deum,
760 1883 813 1971 qui
832 1881 1045 1949 constituisset
1059 1891 1092 1947 ct
1108 1883 1234 1948 lecisset
1248 1901 1339 1947 omne
1353 1880 1462 1944 huma·

306 2007 382 2051 num
395 2007 505 2073 genum,
521 1994 552 2052 et
567 2007 623 2072 per
636 1985 844 2052 conditionem
857 2007 947 2051 suam
961 1985 1058 2053 aleret
1071 1995 1104 2052 et
1118 1993 1247 2073 augeret
1261 1993 1294 2051 et
1308 1983 1463 2050 constabi-

306 2089 386 2166 liret,
404 2097 438 2154 et
451 2089 497 2154 eis
511 2110 580 2153 esse
597 2098 780 2176 praestaret;
799 2098 833 2155 et
846 2097 883 2154 ut
897 2097 1115 2176 exspectarent
1132 2089 1246 2154 ²lilium
1260 2089 1329 2176 ejus
1347 2087 1463 2152 desum

307 2193 477 2271 Christum,
500 2192 553 2280 qui
569 2193 700 2258 redemit
721 2214 779 2258 uos
796 2193 836 2258 de
856 2192 1015 2279 apostasia
1031 2193 1184 2280 sanguine
1202 2213 1270 2270 suo,
1287 2191 1329 2256 ad
1346 2190 1407 2255 hoc
1426 2198 1463 2254 ut

307 2317 447 2362 essemus
461 2304 494 2361 et
508 2317 566 2362 nos
581 2295 712 2382 populus
728 2295 951 2370 sanctificatus,
967 2294 1007 2360 de
1021 2294 1108 2360 coelis
1123 2295 1343 2360 descensurum
1357 2292 1390 2356 in
1403 2293 1463 2356 vir·

306 2405 375 2465 tute
390 2398 505 2476 Patris,
518 2397 571 2486 qui
585 2407 618 2463 et
629 2397 781 2486 judicium
796 2398 934 2463 omnium
949 2394 1087 2463 facturus
1098 2405 1158 2476 est,
1173 2405 1207 2463 et
1220 2419 1259 2462 ea
1273 2417 1343 2484 quae
1357 2417 1377 2460 a
1392 2395 1464 2461 Deo

306 2512 381 2569 suut
399 2505 482 2569 hona
501 2503 671 2569 donaturus
691 2501 751 2580 his,
774 2503 827 2590 qui
848 2501 1037 2568 servaverint
1054 2510 1209 2589 praecepta
1228 2503 1306 2588 ejus.
1346 2500 1411 2568 Hic
1430 2499 1464 2565 in

306 2606 482 2673 mvissimis
495 2606 686 2692 temporibus
705 2627 867 2692 apparens,
883 2605 962 2692 lapis
979 2627 1120 2671 summus
1136 2605 1303 2692 augularis,
1319 2605 1352 2668 iu
1365 2625 1464 2669 unum

144 2731 218 2782 spru
228 2731 249 2771 u
260 2733 288 2776 u.
307 2709 441 2796 collegit,
460 2717 493 2774 et
506 2709 606 2773 univit
619 2730 674 2773 eos
688 2708 741 2794 qui
761 2708 864 2794 longe,
879 2716 912 2772 et
929 2707 1050 2796 eosqui
1064 2731 1169 2796 prope,
1185 2708 1245 2774 hoc
1258 2716 1318 2787 est,
1333 2707 1464 2773 eircum-

143 2832 195 2871 oen.
207 2831 270 2876 rau.
308 2811 456 2878 cisionem
474 2819 508 2876 et
521 2809 734 2897 ⁸praeputium,
758 2809 893 2875 dilatans
907 2809 1037 2898 Japhet,
1061 2811 1109 2878 ⁴et
1123 2812 1316 2878 constituens
1335 2833 1408 2878 eum
1431 2811 1463 2878 in

307 2914 400 2980 domo
422 2913 506 2980 Sem.

795 3093 896 3161 OAP.
917 3094 979 3162 VI.

310 3231 474 3308 Ostettsio
491 3229 589 3331 quod
605 3229 646 3306 io
662 3230 871 3330 Serapionis
887 3257 991 3308 oerum
1009 3233 1105 3308 alius
1117 3233 1222 3309 Deus
1238 3233 1460 3324 nominatur,

384 3375 450 3423 oco
483 3346 669 3423 Dominus
702 3361 948 3447 nuncupator,
987 3348 1060 3424 uisi
1091 3350 1186 3425 solus
1220 3375 1326 3425 uerus
1359 3349 1464 3424 Deus

380 3465 500 3540 Pater
518 3465 681 3542 cencium
699 3477 730 3540 et
756 3465 912 3542 Verbum
929 3468 1012 3565 ejue.

309 3625 339 3688 1.
380 3621 501 3694 Nseun
528 3621 623 3710 igitur
638 3621 803 3702 Dominus,
825 3644 925 3710 neque
941 3622 1076 3709 Spiritus
1096 3629 1234 3700 sanctus,
1258 3643 1358 3710 neque
1375 3623 1463 3710 Apo-
1476 3635 1556 3676 tm

305 3725 378 3792 stoli
392 3747 464 3792 euru
479 3725 532 3814 qui
542 3747 605 3790 non
616 3733 699 3792 esset
710 3726 809 3807 Deus,
824 3726 980 3792 definitive
995 3735 1028 3792 et
1041 3727 1182 3793 absolute
1194 3727 1298 3792 Deum
1308 3727 1463 3792 nomines·

305 3837 377 3894 seut
397 3829 574 3914 aliquando,
590 3829 651 3895 nisi
673 3838 756 3896 esset
775 3852 847 3896 vere
862 3829 968 3904 Deus;
994 3851 1095 3914 neque
1117 3828 1289 3894 Dominum
1313 3830 1463 3915 appellas-

305 3939 377 3996 sent
397 3931 531 4020 aliquem
551 3954 592 3998 ex
611 3955 669 3998 sua
682 3954 825 4020 persona,
841 3931 918 3998 misi
936 3931 989 4017 qui
1008 3931 1184 3997 dominatur
1205 3931 1344 3997 omnium
1359 3932 1464 3997 Deum

356 4103 366 4136 ¹
382 4106 546 4168 acceptatione,
561 4123 589 4156 as
599 4107 626 4156 iu
636 4107 680 4156 the
691 4108 791 4156 Cursu.
800 4107 859 4156 MS.
910 4105 946 4167 io,
958 4105 1040 4154 would
1050 4105 1168 4154 beadded
1177 4105 1249 4169 again
1259 4105 1323 4154 aster
1333 4103 1463 4156 canuam.

307 4185 547 4248 ἁπροσωπολήπως,
557 4187 601 4236 the
613 4188 699 4251 Syriae
710 4186 862 4251 periphrasis
959 4186 970 4219 ³
986 4187 1040 4236 The
1051 4187 1151 4238 Onuba.
1165 4188 1214 4237 and
1225 4187 1305 4237 Voss.
1316 4187 1391 4236 MSS.
1400 4189 1465 4236 have

306 4265 346 4314 lor
362 4267 530 4328 ἀνυποκρίτως.
910 4271 953 4319 the
971 4273 1018 4320 not
1038 4269 1189 4333 improbable
1209 4269 1312 4334 reading
1329 4269 1464 4333 praepedire·

354 4345 366 4378 ¹
381 4345 435 4395 'lhe
451 4347 551 4396 Cursu.
570 4347 628 4397 MS.
642 4349 687 4397 has
702 4348 797 4398 Filium
810 4349 861 4399 Dei
911 4351 1006 4412 tioucrn,
1020 4352 1190 4414 ἀκροβυστίαν.

305 4428 355 4492 quse
364 4429 393 4478 iu
406 4428 530 4478 Obrittruu
540 4429 632 4490 Iesum,
642 4429 723 4478 which
731 4432 861 4495 mayhnve
959 4431 970 4464 ⁴
992 4439 1020 4493 et,
1045 4433 1153 4482 inserted
1172 4433 1207 4497 by
1224 4433 1311 4484 Maste.
1335 4433 1399 4482 hom
1421 4434 1466 4483 the

306 4512 386 4560 arisen
394 4515 439 4560 out
446 4510 572 4560 ornatam
579 4510 627 4560 Dei
633 4510 717 4560 Ieron
727 4511 858 4562 Christum.
911 4513 1011 4563 Cursu.
1024 4513 1075 4562 and
1086 4513 1167 4564 Voss.
1181 4514 1259 4564 MSS.

305 4591 359 4641 The
370 4592 438 4640 word
449 4591 533 4643 Imm
544 4593 638 4655 having
645 4592 763 4642 beenlost
773 4593 799 4642 in
810 4594 861 4656 q'ue
961 4595 972 4626 ⁸
989 4597 1011 4643 el
1019 4597 1054 4654 μὴ
1065 4597 1107 4644 τὸν
1118 4597 1214 4646 πάντων
1226 4597 1359 4659 κρατοῦντα
1370 4597 1439 4647 Θεὸν.
