3270 5080
324 389 390 456 236
666 397 898 454 Auosuouce
924 395 1133 454 SUCCESSIO.

184 579 238 619 ma.
249 578 288 663 pr.
324 556 420 644 igitur
434 553 682 634 ostendimus,
655 575 682 620 ιι
697 554 767 640 quis
785 553 870 642 legat
886 552 1072 640 Scripturas.
1110 550 1239 618 Etenim
1256 547 1458 616 Dominus
1431 569 1483 614 erc

189 625 283 756 still-{pl
326 657 471 724 disseruit
486 655 646 742 discipulis
665 665 737 774 post
750 655 1007 722 resurrectionem
1021 675 1146 720 suumn
1165 653 1305 734 mortuis,
1322 652 1408 718 1οιι
1399 652 1483 738 ipsis

173 761 300 848 ”23¹2
278 761 495 878 scripturis
514 759 754 838 ostendemus,
774 759 928 876 quoniam
941 758 1092 846 oportebat
1105 758 1186 876 poti
1203 757 1364 834 Olristmr,
1386 764 1414 820 et
1429 756 1481 820 irr-

161 883 311 968 s-s‘
326 874 411 931 trare
429 865 464 928 ιιι
482 863 614 950 pluriam
632 883 729 941 ruam,
747 871 774 926 et
796 863 829 926 irs
847 862 963 926 rromr'rre
985 861 1049 946 oy'rre
1069 861 1269 926 remeationem
1283 868 1481 946 peccatorum

162 977 252 1019 Μ·
319 967 531 1055 proedicuod‘
518 989 552 1031 ro
578 975 637 1031 toto
662 965 783 1030 muodo.
829 964 873 1029 Et
896 963 956 1028 erit
981 971 1215 1028 consummatus
1240 962 1417 1049 discipulus,
1445 969 1482 1024 et

163 1090 222 1130 m
232 1089 314 1129 utu
327 1070 437 1136 similis
451 1069 664 1155 patrifamilias
677 1091 730 1156 qur
722 1069 785 1134 de
799 1069 945 1133 thesauro
960 1089 1017 1133 suo
1032 1067 1147 1152 profert
1161 1088 1242 1131 nova
1259 1073 1292 1131 et
1307 1074 1421 1130 vetera.

393 1178 425 1240 2.
459 1174 674 1258 ²Quapr0pter
694 1171 807 1258 eisqui
827 1171 860 1235 iu
876 1169 1019 1236 Ecclesia
1037 1179 1111 1234 suut
1126 1168 1314 1255 presbyteris
1332 1167 1482 1234 obaudire

328 1283 462 1362 oportet,
485 1274 535 1338 his
556 1274 609 1359 qui
630 1273 858 1340 successionem
881 1274 998 1340 habeut
1015 1272 1056 1336 ab
1079 1271 1252 1356 Apostolis‚
1271 1271 1353 1336 sicut
1375 1279 1482 1336 osten·

328 1379 445 1453 dimus3
471 1376 524 1463 qui
537 1397 608 1441 cum
619 1375 817 1462 episcopatus
830 1375 1025 1441 successione
1036 1373 1191 1439 charisma
1205 1374 1345 1439 veritatis
1359 1383 1482 1439 certum

328 1480 499 1547 secundum
514 1479 662 1564 placitum
679 1479 785 1544 Patris
798 1487 999 1564 acceperrmt:
1023 1477 1158 1564 reliquos
1173 1499 1245 1542 uero
1259 1477 1312 1564 qui
1324 1477 1483 1542 absistunt

329 1587 368 1648 ³a
382 1581 541 1669 principali
556 1580 761 1658 successione,
773 1589 806 1646 et
820 1602 1003 1667 quocunque
1013 1581 1082 1645 loco
1093 1579 1305 1666 ⁴cclligrmtur,
1318 1587 1483 1664 suspectos

329 1686 454 1762 habere,
480 1683 528 1749 vel
553 1683 641 1770 quasi
664 1683 828 1748 haereticos
850 1691 883 1747 et
909 1682 999 1747 malae
1021 1682 1196 1760 sententiae,
1219 1681 1266 1747 vel
1288 1682 1377 1769 quasi
1399 1683 1482 1748 scin·

329 1788 440 1854 dentes
468 1794 502 1852 et
530 1785 629 1850 elatos
658 1792 691 1850 et
719 1784 778 1850 sibi
808 1784 978 1869 placentes,
1009 1792 1065 1849 aut
1090 1805 1198 1850 rursus
1226 1793 1262 1849 ut
1290 1783 1481 1870 hypocritas,

329 1897 469 1976 quaestus
488 1887 592 1975 gretia
612 1895 645 1952 et
663 1908 750 1951 vanae
769 1887 876 1974 gloriae
896 1887 957 1952 hoc
976 1895 1150 1973 operantes.
1185 1887 1303 1952 Omnes
1324 1895 1429 1952 eutem
1447 1888 1482 1951 hi

165 2021 317 2062 reverse
330 1991 512 2059 deciderunt
534 2011 554 2054 a
576 1989 716 2054 veritate.
756 1989 800 2054 Et
820 1989 959 2056 haeretici
981 1989 1106 2074 quidem
1127 1989 1262 2054 alienum
1281 1991 1387 2078 iguem
1408 1991 1483 2056 affe·

331 2103 436 2162 rentes
451 2095 492 2160 ad
506 2095 603 2159 altare
619 2093 689 2172 Dei,
706 2093 802 2159 idest
820 2094 937 2159 alienas
950 2093 1117 2172 doctrinas,
1132 2116 1153 2158 a
1171 2094 1291 2160 coelesti
1307 2095 1378 2183 igne
1398 2118 1484 2162 com·

331 2202 491 2276 burentur,
513 2197 773 2284 quemadmodum
796 2197 909 2263 Nadab
929 2205 962 2262 ct
980 2196 1098 2262 Abiud.
1137 2197 1199 2278 Qui
1216 2218 1289 2262 vero
1310 2208 1485 2286 exsurgunt

332 2312 441 2371 contra
455 2301 627 2376 veritatem,
648 2308 681 2365 et
695 2301 809 2366 alteros
827 2301 1032 2365 adhortantur
1048 2301 1195 2366 adversus
1216 2300 1390 2366 Ecclesiam
1409 2301 1482 2380 Dei,
1497 2323 1526 2364 s.
1537 2329 1583 2366 eu.

332 2412 494 2472 remanent
511 2403 595 2488 apud
620 2402 745 2482 interos,
767 2404 913 2491 voragine
936 2412 1028 2468 terres
1046 2403 1195 2488 absorpti,
1223 2404 1485 2490 quemadmodum

167 2529 230 2569 uum.
240 2530 319 2570 ιιιιι
334 2509 386 2596 qui
401 2509 484 2574 circa
499 2507 601 2574 (lbere
615 2505 743 2572 Dathan
757 2515 789 2572 et
806 2507 938 2572 Abirou.
981 2506 1041 2589 Qui
1064 2513 1170 2570 autem
1186 2507 1333 2572 scindunt
1347 2514 1380 2572 et
1394 2529 1486 2594 sepa·

165 2615 235 2711 220⁸·
242 2617 283 2658 ὼ·
290 2618 313 2656 ¹⁰
333 2620 404 2678 rant
418 2611 570 2676 unitatem
587 2609 748 2689 Ecclesiae,
769 2609 900 2675 eandem
914 2630 1008 2696 quem
1029 2609 1221 2676 Hieroboam
1240 2631 1365 2698 poeusm
1386 2611 1486 2698 perci·

332 2715 422 2802 piuut
435 2734 456 2778 a
470 2713 551 2779 Deo.

796 2923 897 2990 OAP.
921 2923 1016 2990 XLI.

666 3078 727 3154 Dc
752 3076 980 3178 Presbyterdr
1005 3078 1156 3178 injustis.

397 3253 427 3314 1.
474 3248 541 3331 Qun
564 3269 636 3312 vero
658 3247 767 3313 crediti
791 3247 916 3334 quidem
938 3255 1012 3312 sunt
1037 3269 1058 3313 a
1081 3247 1188 3313 multis
1210 3269 1279 3315 esse
1300 3249 1484 3338 presbyteri,

330 3352 470 3418 serviunt
483 3358 589 3416 eutem
603 3351 669 3416 suis
687 3350 908 3436 voluptatibus,
929 3359 962 3416 et
980 3371 1042 3415 uon
1057 3361 1242 3440 praeponunt
1261 3353 1405 3419 timorem
1420 3353 1485 3418 Dei

328 3541 377 3591 eud
395 3541 426 3590 he
441 3541 513 3590 takes
528 3540 571 3590 the
590 3543 711 3600 sentence,
727 3546 748 3588 et
765 3539 811 3588 erit
827 3555 879 3589 ecn-
930 3540 975 3588 the
983 3539 1115 3604 rendering
1125 3539 1154 3588 ol
1162 3539 1318 3604 putropsrby
1324 3539 1479 3600 ostendimur,

326 3630 555 3674 rrrmorctrre-rrouu
571 3629 591 3671 et
608 3629 692 3680 οοιοιο,
711 3622 879 3686 immediately
930 3623 1028 3671 iueteed
1039 3621 1067 3670 of
1074 3622 1180 3671 lucense
1191 3639 1219 3672 or
1229 3637 1383 3686 appar-eraut.

326 3705 391 3758 alter
407 3705 469 3768 kpot
484 3702 631 3765 Scripturas.
660 3702 713 3752 But
723 3703 793 3752 there
806 3704 829 3752 is
845 3719 878 3752 uo
979 3703 989 3736 ¹
1005 3705 1056 3754 Au.
1069 3705 1158 3754 incerte
1169 3712 1198 3756 et.

327 3788 450 3850 ueoeeeity
468 3786 508 3834 for
525 3785 583 3836 this.
613 3783 664 3834 For
680 3785 775 3849 having
796 3785 878 3834 stated
977 3781 989 3815 ¹
1004 3783 1057 3832 'I'be
1072 3783 1164 3834 author
1174 3785 1253 3834 shews
1264 3785 1321 3834 that
1331 3784 1483 3852 conformity

325 3869 369 3919 the
379 3869 489 3918 advance
499 3867 607 3917 towards
618 3867 732 3932 spiritual
742 3867 878 3931 perlection
929 3865 990 3914 with
1001 3865 1043 3914 the
1055 3865 1155 3916 Ohurch
1166 3866 1195 3915 oi
1203 3865 1287 3916 Obrist
1294 3882 1321 3916 ae
1328 3867 1436 3916 founded
1447 3883 1481 3917 on

324 3949 398 4002 mede
420 3951 455 4015 by
476 3951 519 3999 the
537 3949 670 4008 christian,
694 3949 820 3998 Insanus
841 3950 877 3998 in·
928 3947 972 3996 tbe
988 3947 1106 4012 Apostles
1120 3948 1171 3998 and
1182 3949 1312 4014 Propheta,
1327 3949 1348 3998 is
1362 3965 1408 3998 our
1421 3951 1482 4015 only

324 4031 439 4081 hoducee
464 4031 508 4080 the
533 4030 664 4093 quotation
685 4029 749 4078 from
775 4029 874 4090 Daniel,
927 4029 1059 4094 sateguard
1073 4030 1112 4078 ior
1128 4047 1144 4080 a
1159 4031 1228 4094 right
1245 4031 1442 4095 uuderstrmdiug
1455 4033 1485 4082 of

323 4112 374 4161 end
385 4112 445 4161 theu
456 4127 564 4161 resumes
575 4111 613 4159 hie
620 4109 725 4173 subject,
733 4110 876 4174 instancing
929 4111 1064 4176 Scriptura.

322 4195 367 4243 the
383 4193 529 4258 knowledge
545 4193 573 4241 ot
586 4191 717 4256 scriptural
733 4191 805 4240 tuuth
818 4208 875 4241 con·
976 4192 988 4226 ⁸
1015 4195 1065 4244 ded
1091 4197 1135 4256 τῆς
1157 4196 1336 4258 προηγουμένης
1357 4197 1477 4257 διαδοχῆς,

322 4275 402 4339 veyed
421 4280 449 4324 ιο
466 4275 505 4324 hie
524 4274 637 4338 disciplee
654 4272 747 4337 hythe
763 4273 875 4336 glorifled
926 4276 971 4326 ιο.
983 4277 1046 4326 with
1060 4277 1183 4328 refmenoe
1197 4283 1225 4328 ιο
1242 4278 1286 4328 the
1304 4279 1368 4328 later
1381 4279 1439 4328 dats
1455 4279 1485 4328 oi

324 4355 437 4416 Saulem,
450 4355 500 4404 aud
512 4357 604 4404 arrives
619 4359 647 4404 at
662 4355 706 4404 the
722 4355 872 4418 conclusion,
926 4356 1020 4420 heresy,
1037 4363 1083 4407 uct
1099 4361 1127 4407 to
1144 4357 1252 4408 inter-nal
1268 4357 1328 4408 rule.
1364 4357 1404 4409 (li.
1416 4371 1440 4422 9,
1451 4374 1478 4410 u.

323 4437 380 4488 thet
401 4435 445 4484 the
468 4435 592 4484 Christian
614 4435 674 4484 thus
692 4433 820 4498 derouplrly
835 4435 873 4485 irr-
926 4434 950 4499 6,
967 4449 988 4499 7.

322 4517 427 4568 anwed
445 4516 494 4564 will
505 4515 535 4564 be
548 4531 576 4564 as
587 4515 631 4564 the
641 4513 697 4564 wire
710 4513 870 4576 doureholdcr,
975 4519 986 4550 ⁴
1014 4519 1092 4581 Vter„
1115 4520 1196 4572 Voss.
1217 4537 1242 4572 ee
1258 4521 1381 4586 colliqueret.
1409 4522 1480 4572 συνεί·

324 4601 367 4650 sc,
397 4597 451 4646 One
466 4613 539 4646 οιιιιοο
551 4597 580 4646 of
593 4597 752 4660 obscurityie
767 4599 873 4662 perhaps
925 4617 1018 4662 γατοι.
1054 4602 1098 4652 Cu.
1110 4603 1231 4665 mlliprrrrt.
