3276 5086
577 395 683 447 vmm
708 395 857 448 amans.
1237 379 1304 446 345

152 543 246 608 dente
260 543 382 628 spiritu,
398 543 658 630 quemadmodum
679 545 966 611 demonstravimus
1012 545 1208 610 Haereditate
1222 546 1306 612 enim
1350 570 1403 656 spa
1411 573 1437 613 v

152 645 290 728 possidet
303 644 355 710 ille
369 646 423 730 qui
437 645 522 724 vivit,
536 644 734 711 ¹haereditats
749 653 855 710 autem
869 646 1039 732 acquiritur
1053 669 1136 712 cam.
1179 647 1229 711 Ut
1243 669 1307 712 non
1336 665 1381 704 01³
1334 665 1419 752 si
1425 665 1457 752 'v‘

151 745 331 811 amittentes
360 769 432 812 eum
461 747 514 836 qui
543 769 602 812 nos
630 747 768 833 possidet
797 747 959 833 Spiritum,
984 749 1166 814 amittamus
1199 748 1305 827 vitam,
1334 712 1395 797 Μὴ
1405 760 1423 797 r

150 846 321 913 adhortans
336 869 394 914 nos
412 848 583 935 Apostolus
594 849 635 913 ad
651 849 787 933 Spiritus
798 850 1121 928 communicationem,
1136 850 1307 916 secundm
1320 830 1466 843 *—

152 948 304 1013 rationem
319 972 389 1036 qnae
407 951 557 1037 praedicta
571 959 646 1016 sunt
660 951 757 1016 dixit:
785 951 935 1030 Quoniam
957 975 1029 1018 caro
1050 963 1078 1018 cl
1096 955 1220 1039 scapum
1240 974 1306 1040 rap·

152 1069 226 1112 uum
249 1052 315 1116 Dei
330 1053 487 1137 possidere
508 1073 568 1118 ιιοιι
583 1062 722 1138 poscunt.
760 1051 858 1118 Velut
879 1052 907 1116 si
930 1053 1033 1118 dicat:
1055 1053 1161 1118 Nolite
1181 1075 1304 1129 errare;

153 1152 297 1236 quoniam
312 1154 372 1219 nisi
390 1155 531 1220 Verbum
553 1155 615 1221 Dei
636 1155 865 1231 inhabitaverit,
885 1165 918 1220 et
937 1155 1072 1242 Spiritus
1088 1157 1193 1221 Patris
1213 1156 1307 1222 fuerit

154 1254 187 1318 in
202 1256 297 1333 vobis,
317 1278 394 1322 vane
408 1267 514 1324 autem
524 1266 557 1323 et
568 1259 675 1344 'prout
690 1258 794 1323 evenit
805 1260 977 1323 conversati
998 1259 1127 1337 fueritis,
1143 1259 1232 1344 quasi
1246 1259 1306 1324 hoc

154 1363 287 1436 tanturn,
312 1381 384 1426 caro
410 1369 442 1426 et
465 1361 593 1450 sanguis
616 1361 813 1440 exsistentes,
839 1384 968 1451 regnum
984 1361 1043 1426 Dei
1065 1361 1222 1448 possidere
1243 1382 1306 1428 non

154 1459 307 1544 poteritis.

646 1775 747 1839 uAP.
772 1773 820 1839 X.

154 1925 361 2024 Superiora
384 1927 521 2028 probat
541 1909 782 2005 similitudilie
805 1927 919 2004 ductu
946 1929 993 2002 ab
1021 1930 1181 2020 oleastro,
1207 1929 1309 2028 cujus

229 2045 388 2142 qualitas
416 2060 568 2139 tautum,
595 2074 668 2122 ιιοιι
700 2060 836 2122 nutura
865 2073 935 2145 per
960 2045 1166 2121 insitionem
1190 2059 1307 2121 muta-

231 2175 314 2240 tur:
362 2165 515 2240 orauit
553 2192 692 2264 quaerre
724 2164 906 2240 lomiucm
938 2164 1016 2238 ιιιιε
1048 2163 1207 2263 Spiritu,
1243 2189 1307 2240 uec

220 2280 371 2377 fructus
388 2279 502 2374 edere,
522 2307 587 2356 uec
604 2283 773 2379 Raptum
790 2279 868 2354 Dei
878 2279 1066 2378 possidere
1080 2304 1192 2386 posse.

49 2471 85 2509 n
96 2470 140 2508 sos
156 2454 186 2516 1
227 2451 320 2517 ⁸Hoc
337 2453 419 2530 ideo,
434 2452 480 2516 uti
495 2473 559 2516 non
577 2450 898 2539 gratificantescarni,
913 2470 1095 2534 respuamus
1107 2449 1306 2514 insertionem
1319 2475 1381 2562 pepp
1388 2477 1449 2522 ru

156 2555 303 2638 Spiritus.
351 2555 400 2620 Tu
416 2564 518 2619 autam
541 2555 676 2632 oleaster,
696 2554 753 2632 ait,
774 2575 842 2618 cum
861 2575 942 2631 essa,
958 2555 1088 2616 insertus
1108 2573 1138 2616 es
1151 2553 1186 2615 ιιι
1200 2551 1307 2617 losum

154 2656 277 2734 olivam,
305 2665 334 2722 ct
359 2657 456 2720 socius
476 2657 679 2743 piupuodinis
707 2657 796 2720 olicus
815 2656 925 2740 suctus
954 2675 993 2720 as.
1038 2655 1307 2736 Quemadmodum

155 2755 251 2842 igitur
266 2757 400 2822 oleaster
417 2757 544 2834 inserta,
568 2757 595 2821 si
617 2756 878 2844 ⁴perseveraverit
895 2755 927 2818 iu
945 2777 983 2819 eo
1001 2755 1083 2842 quod
1107 2763 1181 2820 aute
1202 2755 1304 2834 tuerit,

154 2859 298 2938 oleaster,
314 2861 467 2925 cauditus
481 2871 509 2926 et
530 2861 564 2924 ιιι
584 2861 683 2946 ipsam
698 2860 848 2924 mittitur:
872 2859 900 2922 si
914 2867 1021 2924 autem
1036 2857 1172 2922 tenuerit
1194 2857 1306 2921 ⁵inser-
1320 2883 1425 2926 ιιιιιιιι.
1435 2887 1463 2926 ro.

154 2961 281 3040 tionem,
305 2971 338 3028 et
364 2971 591 3029 transmutetur
615 2963 648 3026 iu
673 2963 787 3026 bonam
813 2961 935 3038 olivam,
961 2959 1041 3024 oliva
1070 2960 1107 3022 fit
1135 2959 1304 3038 fructifera,

154 3065 243 3152 quasi
269 3065 301 3130 in
323 3065 467 3152 paradiso
489 3065 571 3152 regis
595 3064 748 3150 plantata:
773 3063 819 3128 sic
839 3070 872 3126 et
891 3060 1042 3138 homines,
1057 3060 1085 3124 si
1105 3060 1231 3146 quidem
1250 3082 1306 3148 per

153 3167 246 3234 fidem
262 3155 449 3254 profecerint
464 3167 497 3231 in
513 3167 631 3244 melius,
643 3173 676 3230 et
690 3163 894 3230 assumserint
906 3161 1058 3246 Spiritum
1070 3161 1142 3240 Dei,
1158 3165 1209 3226 ⁶et
1223 3161 1306 3227 illius

153 3269 423 3334 lmctiticationem
440 3268 691 3356 germinaverint,
711 3274 803 3330 erunt
821 3263 986 3350 spiritales,
1002 3271 1150 3350 tanquam
1167 3261 1200 3325 in
1216 3283 1305 3347 para-
1331 3347 1333 3352 ,

151 3371 221 3436 diso
243 3370 304 3436 Dei
322 3371 464 3458 plantati.
512 3371 545 3435 Si
568 3378 675 3435 autem
696 3367 869 3453 respuerint
892 3365 1054 3450 Spiritum,
1076 3372 1109 3428 et
1131 3384 1305 3448 persevera·

152 3473 253 3538 verint
270 3475 302 3539 in
324 3496 362 3539 eo
384 3474 467 3560 quod
488 3474 611 3538 fuerant
632 3479 716 3549 ante,
735 3471 836 3558 inagis
853 3467 956 3536 carnis
976 3489 1045 3533 esse
1059 3465 1198 3532 volentes
1211 3487 1304 3552 quam

154 3573 298 3658 Spiritus,
311 3576 485 3661 justissime
506 3575 538 3638 in
556 3573 709 3663 ejusmodi
730 3573 854 3651 dicitur,
877 3572 1020 3658 quostiam
1042 3591 1115 3634 curo
1134 3577 1162 3633 et
1180 3569 1306 3654 carycis
1318 3593 1466 3636 icarum.

152 3677 291 3760 Reginum
320 3678 383 3740 Dei
411 3699 471 3740 uon
493 3677 669 3762 possident:
704 3685 853 3761 tanquam
881 3674 909 3738 si
938 3672 1007 3760 quis
1033 3673 1127 3750 dicat,
1158 3673 1304 3759 quoniam

152 3779 286 3843 oleaster
314 3800 376 3842 non
405 3780 574 3843 assumitur
602 3779 635 3842 in
665 3778 843 3865 paradisum
871 3775 943 3842 Dei.
990 3774 1179 3839 Mirabiliter
1208 3774 1305 3860 igitur

153 3879 327 3968 Apostolus
346 3887 489 3943 naturam
507 3881 643 3945 ostendit
663 3887 811 3958 nostram,
827 3885 860 3943 et
877 3877 1053 3942 universam
1068 3875 1302 3962 dispositionem

152 3983 214 4052 Dei
230 3983 261 4046 in
276 4004 313 4047 eo
328 4001 469 4046 sermone
484 3981 535 4066 qui
551 3989 599 4046 est
612 3982 651 4046 de
666 4003 757 4046 carue
767 3988 800 4045 et
813 3979 966 4066 sanguine
980 3986 1013 4044 et
1027 3977 1169 4044 oleastro.

199 4169 361 4221 lter-editae
372 4175 459 4218 αιιιιιιι.
494 4169 537 4217 (ιι.
551 4168 641 4232 simply
656 4168 701 4216 ιω·
750 4166 814 4216 serit.

150 4251 281 4312 restitutura,
295 4251 494 4316 byabsorption.
799 4245 989 4306 ”insertionem
1009 4247 1052 4294 the
1075 4245 1176 4294 Currant.
1200 4245 1303 4309 reading

198 4331 212 4365 ²
227 4335 354 4396 τυχόντως.
750 4331 873 4379 amionem
879 4329 995 4392 reputed
1003 4329 1079 4377 lower
1085 4327 1166 4388 down,
1176 4329 1303 4393 isequally

199 4413 210 4448 ³
226 4414 271 4464 loc
280 4415 343 4476 ideo,
356 4412 410 4476 (ait)
424 4428 458 4462 sc.
750 4425 783 4460 an
795 4425 862 4459 error
873 4411 901 4458 of
910 4410 1092 4458 inadvertenee.

199 4495 211 4528 ⁴
223 4497 416 4559 peramara.
450 4495 483 4544 So
501 4495 545 4544 the
560 4493 615 4554 Gla,
639 4495 699 4554 Aa,
799 4489 867 4540 ⁶ral
888 4492 934 4550 τὴν
956 4491 1030 4539 αὐτοῦ
1051 4489 1215 4552 καρποφοριιιν
1232 4488 1302 4552 ests·

151 4576 230 4626 Voss.
240 4577 289 4627 and
301 4578 389 4626 Musa.
402 4589 433 4628 ιι.
447 4575 535 4634 MSS.;
547 4574 578 4622 al.
588 4587 701 4636 perman·
752 4589 853 4631 στησαν.
