3334 5070
334 406 397 469 146
614 420 656 471 IN
682 419 916 473 EVANGELIIS
942 419 1182 472 OS'I'ENDI'I'UR

185 595 239 679 nvp.
246 595 287 679 Ιιιι
330 572 504 639 incredulos
518 593 584 638 suae
600 572 711 638 salutis
724 573 845 638 efficere
868 571 1021 650 homines,
1041 581 1073 637 et
1094 571 1314 659 blasphemos'
1305 595 1337 636 ιιι
1352 571 1484 658 plasma

176 643 304 774 ffi'ffl
331 685 430 742 torem
455 675 568 742 Deum.
614 677 813 763 Quaecunque
833 675 917 741 enim
940 697 1011 740 cum
1030 675 1184 764 gravitate
1205 697 1328 740 summa
1350 676 1485 740 dixerint

221 781 264 819 ¹··¹
332 802 440 845 omnes
465 779 646 856 haereticis
636 803 669 844 m
695 779 839 844 ultimum
858 780 899 843 ad
926 779 985 843 hoc
1010 779 1187 857 deveniunt,
1210 789 1246 844 ut
1270 779 1485 864 blasphement

331 881 558 958 fabricatorem,
579 891 612 947 et
634 883 849 948 contradicant
863 881 957 946 saluti
977 882 1138 968 plasmatis
1162 881 1234 959 Dei,
1255 882 1337 968 quod
1360 882 1485 968 quidem

332 997 381 1052 est
392 1009 483 1052 caro:
505 995 632 1073 propter
649 1007 743 1073 quam
765 1007 890 1049 ornnem
905 985 1140 1070 dispositionem
1154 985 1264 1050 iecisse
1281 984 1396 1049 Filium
1412 985 1483 1062 Dei,

331 1089 439 1154 multis
453 1089 554 1155 modis
568 1089 770 1166 ostendimus,
781 1097 814 1153 et
828 1088 1093 1153 manifestavimus
1105 1089 1261 1154 neminem
1273 1088 1368 1153 aliurn
1382 1087 1485 1152 Deum

331 1194 512 1282 appellaris
528 1193 705 1279 Scripturis,
722 1193 781 1259 nisi
798 1194 927 1258 Patrem
942 1192 1090 1272 omnium,
1105 1201 1138 1258 et
1155 1193 1282 1272 Filium,
1298 1200 1331 1258 et
1346 1196 1417 1258 ¹cos
1431 1190 1484 1279 qui

332 1297 530 1383 adoptionem
544 1297 671 1362 habent.

830 1535 931 1601 oAP.
957 1535 985 1600 Ι.

336 1687 498 1763 Osteosio
515 1687 688 1787 qnoniam
701 1689 886 1766 Dominus
899 1719 1013 1766 unum
1024 1691 1139 1768 solum
1149 1691 1274 1768 Deum
1285 1705 1316 1768 et
1329 1693 1485 1768 Patrem

787 1810 1024 1908 copooscebot.

400 1979 430 2039 1.
466 1973 544 2040 (iun
565 1975 608 2040 sit
627 1974 723 2062 igitur
742 1975 802 2042 hoc
817 1976 941 2042 firmum
956 1985 989 2042 et
1010 1983 1168 2056 constans,
1184 1975 1339 2043 neminem
1353 1977 1485 2042 alterum

334 2077 438 2142 Deum
453 2086 486 2144 et
501 2077 671 2144 Dominum
686 2100 706 2143 a
722 2079 839 2166 Spiritu
851 2079 1063 2166 predicatum,
1080 2079 1140 2146 nisi
1156 2103 1227 2146 eum
1242 2081 1294 2168 qui
1309 2081 1485 2146 dominatur

170 2205 306 2246 ravenna
334 2181 471 2246 omnium
495 2181 593 2260 Deus,
613 2203 685 2246 cum
703 2181 809 2247 Verbo
827 2204 894 2260 suo,
916 2191 949 2248 et
970 2184 1041 2249 ¹eos
1063 2184 1116 2269 qui
1134 2184 1310 2270 adoptionis
1335 2184 1485 2269 Spiritum

333 2285 500 2372 accipiunt,
516 2285 576 2350 hoc
597 2293 656 2364 est,
677 2307 732 2351 eos
752 2287 805 2372 qui
825 2286 955 2351 credunt
976 2287 1008 2350 in
1024 2309 1121 2350 unum
1140 2295 1173 2351 et
1188 2309 1294 2351 verum
1315 2285 1429 2366 Deum,
1452 2293 1486 2352 et

335 2388 494 2454 Christum
521 2388 634 2453 Jesum
660 2389 776 2452 Filium
803 2389 883 2465 Dei;
908 2390 1050 2454 similiter
1074 2397 1107 2453 et
1134 2389 1305 2474 Apostolos
1330 2389 1485 2455 neminem

333 2491 427 2556 alium
441 2515 461 2556 a
476 2492 652 2578 semetipsis
667 2491 770 2556 Deum
788 2492 968 2579 appellasse,
981 2501 1036 2557 aut
1051 2491 1222 2557 Dominum
1233 2493 1483 2578 cognominass03

332 2596 430 2661 multo
452 2604 558 2660 autem
582 2595 683 2682 magis
707 2595 880 2660 Dominum
906 2604 1058 2674 nostrum,
1083 2595 1136 2680 qui
1161 2603 1194 2660 et
1222 2595 1312 2660 nobis
1339 2595 1485 2681 praecepit
1529 2671 1531 2675 ,

170 2715 318 2758 sisennus.
332 2699 488 2762 neminem
504 2698 631 2761 Patrem
647 2697 797 2776 confiteri,
813 2697 873 2762 nisi
888 2719 960 2762 eum
975 2697 1027 2782 qui
1043 2706 1092 2762 est
1109 2697 1142 2760 in
1162 2697 1258 2776 coelis,
1274 2697 1326 2783 qui
1341 2705 1390 2762 est
1405 2719 1485 2764 unus

334 2799 431 2877 Deus,
452 2807 484 2863 et
498 2821 579 2863 unus
594 2799 710 2864 Pater:
734 2799 898 2864 manifeste
918 2800 996 2864 salsa
1014 2801 1220 2866 ostenduntur
1238 2823 1276 2865 ea
1292 2823 1362 2888 quae
1377 2801 1485 2866 dicunt

332 2901 594 2967 circumventores
613 2911 646 2966 et
666 2901 889 2987 perversissimi
909 2903 1069 2989 sophistae,
1092 2903 1233 2969 dicentes
1253 2903 1435 2969 naturaliter
1452 2911 1485 2969 et

333 3004 438 3068 Deum
453 3013 486 3069 et
502 3005 630 3068 Patrem
643 3025 720 3082 esse,
743 3026 837 3088 quem
851 3004 910 3090 ipsi
925 3005 1165 3081 adinvenerunt3
1191 3006 1399 3092 Demiurgum
1412 3027 1484 3071 vero

332 3108 514 3172 naturaliter
528 3129 628 3194 neque
645 3107 760 3185 Deum,
776 3129 876 3193 neque
893 3109 1022 3174 Patrem
1036 3131 1116 3188 esse,
1129 3109 1185 3174 sed
1199 3111 1293 3174 verbo
1307 3117 1400 3174 tenus
1412 3109 1483 3188 dici,

331 3229 370 3275 eo
387 3208 470 3294 quod
484 3209 659 3274 dominetur
673 3209 882 3290 ”conditionis
893 3211 975 3275 sicut
987 3210 1095 3275 dicunt
1110 3211 1245 3297 perversi
1259 3209 1483 3297 8grammatici,

332 3312 563 3398 ⁴excogitantes
585 3312 618 3375 in
641 3313 763 3376 Deum:
787 3320 820 3377 et
835 3312 1008 3377 doctrinam
1030 3313 1154 3399 quidem
1170 3313 1285 3378 Christi
1301 3314 1484 3399 praetermit-
1495 3345 1522 3386 a,
1534 3344 1578 3388 ns.

333 3424 446 3492 tentes,
462 3423 494 3480 et
508 3415 716 3502 asemetipsis
729 3423 836 3480 autern
850 3415 930 3480 falsa
944 3415 1129 3494 divinantes,
1149 3416 1295 3482 adversus
1309 3417 1485 3482 universam

332 3517 394 3583 Dei
411 3517 644 3604 dispositionem
668 3527 936 3605 argumentantur.
982 3517 1110 3583 Etenim
1125 3520 1252 3584 AEonas
1266 3541 1350 3598 suos,
1362 3529 1395 3586 et
1409 3521 1486 3586 deos

331 3630 381 3690 ⁵et
401 3632 505 3710 patres
519 3631 552 3689 et
572 3623 723 3702 dominos,
744 3625 845 3688 adhuc
863 3623 958 3689 etiam
981 3630 1015 3688 et
1034 3623 1130 3688 coelos
1148 3623 1251 3688 vocari
1276 3625 1394 3706 dieunt,
1414 3646 1486 3690 cum

335 3727 441 3792 Matre
461 3749 528 3805 sua,
545 3749 639 3813 quam
662 3736 693 3792 et
709 3731 843 3792 eterram
866 3735 899 3792 et
920 3727 1120 3792 Hierusalem
1134 3728 1302 3814 appellant,
1318 3728 1485 3816 multisque

331 3831 400 3896 aliis
415 3832 572 3896 vocabulis
593 3853 663 3896 eam
678 3831 942 3917 cognominantes.

397 3938 428 3999 2.
464 3933 522 3999 Oui
536 3941 641 3998 auteur
653 3954 716 3998 non
730 3933 772 3997 sit
786 3933 996 4010 manifestum,
1010 3933 1155 4018 quoniam
1165 3933 1190 3998 si
1204 3933 1360 4000 Dominus
1371 3935 1486 4000 multos

331 4045 436 4124 patres
450 4037 559 4102 scisset
575 4044 607 4101 et
622 4037 706 4116 deos,
723 4057 786 4100 uon
806 4033 1004 4122 praecepisset
1026 4035 1184 4122 discipulis
1204 4037 1271 4102 suis
1291 4059 1386 4102 unum
1406 4037 1486 4102 scire

333 4140 448 4218 Deum,
472 4150 505 4204 et
519 4140 602 4204 hunc
623 4139 758 4204 eundem
777 4139 877 4203 solum
895 4159 1005 4203 vocare
1028 4139 1180 4205 Patrem?
1218 4139 1281 4204 Sed
1299 4140 1403 4226 potius
1423 4139 1484 4202 dis-

168 4268 285 4310 sousa.
331 4241 427 4306 tinxit
448 4243 575 4326 eosqui
595 4250 669 4306 sunt
689 4243 782 4308 verbo
802 4251 894 4307 tenus
918 4241 971 4322 dii,
990 4242 1030 4306 ab
1050 4263 1088 4306 eo
1108 4243 1161 4327 qui
1183 4243 1226 4307 sit
1241 4263 1310 4307 vere
1335 4240 1433 4320 Deus,
1449 4247 1485 4304 ut

381 4395 391 4427 ¹
410 4395 454 4444 See
465 4412 489 4458 p.
504 4409 542 4455 ar,
558 4411 584 4444 n.
599 4407 622 4457 5.
933 4397 998 4446 cloroe
1011 4397 1187 4460 perversissimi
1196 4397 1313 4459 sophistes,
1331 4407 1385 4458 147.

381 4475 393 4507 ¹
409 4477 557 4537 conditionis,
574 4477 628 4536 Gn,
645 4477 726 4526 Voss.
745 4479 783 4526 ὅτι
802 4481 886 4542 κρατεῖ
981 4478 993 4510 ⁴
1010 4480 1157 4528 ἐπινοοῦντες
1168 4481 1231 4528 κατὰ
1242 4480 1284 4528 τὸν
1295 4479 1363 4528 θεόν.

332 4554 376 4613 τῆς
387 4555 492 4613 κτίσεως,
510 4555 542 4602 al,
555 4554 696 4604 conditioni.
719 4555 816 4618 Gi.141,
830 4572 881 4606 ma.
981 4559 1053 4608 ⁸012.
1067 4561 1142 4608 omits
1153 4566 1180 4608 et.

382 4633 571 4696 memorauit-i,
597 4635 792 4698 Mythologians,
817 4637 883 4684 Pon·
982 4639 1105 4700 'ter-rm,
1130 4653 1149 4690 1.
1163 4639 1202 4704 46,
1216 4643 1267 4692 and
1280 4641 1334 4707 368,
1349 4661 1374 4694 n.
1389 4659 1412 4696 a,
