3276 5086
340 359 406 426 332
622 373 880 428 meossrnrum
907 373 1011 427 anun
1037 373 1212 427 somnus

209 549 302 634 ¹¹¹}st-
341 531 445 604 πόλιν
476 531 665 628 ἐξεπτόσθη
696 539 739 630 τῇ
771 543 815 628 γῇ
840 537 985 606 κελεύσει
1021 536 1117 606 θεοῦ.
1172 533 1329 612 Ἀνανίας
1359 566 1408 620 τε,
1443 537 1501 606 καὶ

195 641 311 729 ‘ffl‘dj
339 645 511 748 Ἀζαρίας,
533 647 586 718 καὶ
613 648 766 732 Μισαὴλ,
792 651 835 724 εἷς
859 645 994 732 κάμινον
1019 649 1242 736 ἐμβληθέντες
1267 647 1368 746 πυρός
1391 650 1502 719 ἑπτα·

178 737 326 822 —Q-
341 762 491 836 πλασῖως
517 763 748 844 ’ἐκκαιομένηα
773 763 849 832 οὔτε
871 757 1073 848 ἐβλόβησόν
1098 792 1142 843 τι,
1174 763 1251 832 οὔτε
1275 761 1363 842 ὀσμὴ
1393 759 1500 858 τυρός·

340 874 450 970 εὑρέθη
479 874 511 942 ἐν
529 874 649 949 αὐτοῖς.
702 873 749 942 Ἠ
775 871 828 942 οῦν
850 879 1074 972 συμπαροῦσα
1094 874 1205 949 αὐτοῖς
1222 878 1284 944 τοῦ
1303 872 1391 944 θεοῦ
1419 873 1498 970 χεὶρ

339 986 392 1055 καὶ
414 983 591 1085 παρόόοξα
618 985 672 1056 καὶ
693 983 836 1056 ἆδόνατα
856 988 900 1078 τῇ
919 987 1017 1084 φύσει
1038 991 1103 1057 τῶν
1124 986 1303 1084 ἀνθρώπων
1320 988 1362 1062 εἷς
1379 985 1497 1062 adroic

339 1099 577 1182 ἐπιτελέσασα,
604 1097 641 1169 τί
667 1096 877 1196 θαυμαστὸν,
898 1099 926 1167 εἰ
951 1098 983 1167 ἐν
1015 1109 1087 1174 τοῖς
1111 1101 1343 1181 μετατεθεῖσιν
1379 1099 1497 1195 ἀπείρ-

340 1238 469 1301 γασται
498 1207 700 1310 παρόόοξον,
728 1213 944 1310 ὑπουργοῦσα
965 1212 1015 1299 τῷ
1041 1213 1203 1292 θελήματι
1232 1215 1295 1282 τοῦ
1324 1209 1412 1281 θεοῦ
1437 1210 1492 1280 rai
1509 1231 1593 1272 Me

339 1325 490 1422 τατρόςς

416 1457 448 1521 3.
500 1436 663 1507 ...Οὔτε
687 1432 741 1506 οῦν
771 1436 871 1535 φύσιν
895 1434 986 1512 τινὸς.
1012 1441 1080 1508 τῶν
1105 1436 1305 1527 γεγονότων,
1333 1438 1409 1506 οὔτε
1430 1435 1494 1518 μὴν

339 1548 491 1618 ἀσθένεια
518 1547 641 1647 σαρκός
663 1549 853 1645 ὑπερισχύει
879 1555 938 1630 τῆς
961 1550 1087 1635 βουλῆς
1108 1553 1172 1619 τοῦ
1197 1549 1292 1618 θεοῦ.
1345 1549 1396 1617 Ori
1422 1547 1492 1644 γὰρ

338 1663 356 1730 ὁ
383 1658 466 1735 θεὸς·
495 1670 566 1736 τοῖς
593 1661 782 1751 γεγονόσιν,
809 1657 900 1730 ἀλλὰ
923 1657 968 1731 τὰ
990 1662 1161 1751 γεγονότα
1187 1661 1414 1732 ὑποτέτακται
1441 1668 1492 1749 τῷ

338 1772 421 1860 θεῷ,
440 1772 493 1841 καὶ
511 1770 556 1844 τὰ
577 1769 688 1844 πάντα
707 1769 900 1871 ἐξυπηρετεῖ
917 1775 966 1860 τιῦ
984 1774 1176 1859 βουλήματι
1196 1773 1306 1844 αότοῦ.

171 1988 298 2083 {gn-“¹³⁹
336 1977 438 2042 salvus
464 1977 577 2042 itemm
605 1986 757 2064 exsputus
787 1987 836 2042 est
865 1985 956 2042 terras
981 1978 1072 2064 jussu
1103 1977 1176 2044 Dei.
1213 1977 1356 2042 Ananias
1382 1978 1490 2056 etiam,

335 2087 368 2144 et
398 2080 538 2158 Azarias‚
566 2090 598 2145 et
626 2081 740 2146 Minaei
771 2081 857 2144 missi
887 2081 919 2144 in
949 2081 1106 2146 caminum
1130 2080 1213 2168 ignis
1235 2080 1411 2166 septuplum
1435 2105 1491 2146 sx-

334 2183 507 2263 ardentem,
531 2207 632 2271 neque
655 2185 751 2250 nociti
773 2193 846 2248 sunt
868 2184 994 2272 aliquid,
1017 2205 1117 2270 neque
1139 2186 1215 2248 odor
1236 2183 1317 2270 ignis
1342 2185 1490 2249 inventus

333 2294 383 2350 est
406 2287 516 2353 ineis.
566 2289 644 2370 Quae
659 2289 768 2380 ‚igitur
797 2287 898 2351 adluit
927 2287 987 2351 illis
1015 2308 1127 2350 manus
1153 2287 1225 2364 Dei,
1255 2295 1287 2351 et
1317 2287 1489 2373 inopinata,

333 2395 366 2452 et
390 2389 593 2474 impossibilia
613 2399 733 2455 naturae
756 2389 932 2453 ²hominum
953 2388 985 2451 in
1006 2388 1051 2453 eis
1073 2387 1253 2473 perficiens;
1277 2387 1352 2475 quid
1373 2389 1490 2452 mirum

333 2490 360 2554 ai
382 2491 414 2554 in
430 2492 482 2556 his
501 2493 553 2578 qui
570 2491 712 2557 translati
735 2500 818 2568 sunt,
840 2489 941 2556 effecit
957 2491 1072 2576 aliquid
1089 2491 1293 2576 inopinatum,
1310 2491 1488 2555 deserviens

333 2593 484 2658 voluntati
510 2595 655 2658 ³l’atrisl
701 2593 764 2659 Hie
790 2601 839 2657 est
867 2601 974 2656 autem
1001 2591 1101 2655 Filius
1128 2590 1199 2668 Dei,
1227 2591 1488 2678 quemadmodum

168 2700 296 2786 gelmi·
334 2695 494 2782 Scriptura
516 2696 561 2760 ait
583 2697 701 2761 dixisse
723 2695 1010 2760 Nabuchodonosor
1030 2715 1155 2780 regem:
1180 2693 1291 2758 Nonne
1315 2703 1376 2758 tres
1405 2693 1489 2758 uiros

332 2802 471 2864 ιυίοἱυιιιε
486 2801 521 2864 in
541 2797 719 2863 celerinum?
742 2809 769 2861 et
791 2821 854 2862 eece
876 2821 926 2884 epo
948 2799 1035 2862 uideo
1057 2807 1188 2883 quotuor
1208 2796 1431 2862 deambulantes
1451 2799 1488 2862 in

331 2902 428 2964 medio
443 2901 531 2986 ipris,
548 2911 574 2964 et
589 2911 717 2986 quartus
730 2901 841 2964 similis
856 2904 913 2964 ⁴eat
926 2901 1015 2964 Filio
1030 2899 1103 2964 Dei.

395 3007 426 3068 3.
472 3003 582 3087 Neque
612 3001 708 3089 igitur
737 3011 849 3066 natura
877 3001 1009 3088 alicujus
1038 3025 1145 3067 eorum
1174 3025 1243 3087 quae
1280 3002 1365 3068 laeta
1392 3011 1479 3082 sunt,

329 3132 429 3195 neque
445 3109 608 3174 infirmitas
625 3110 728 3174 camis
750 3111 858 3174 sortior
879 3111 939 3174 erit
959 3133 1052 3195 super
1071 3110 1261 3174 voluntatem
1285 3109 1356 3175 Dei.
1404 3110 1477 3174 Non

329 3213 413 3278 enim
429 3211 517 3276 Deus
542 3213 592 3276 his
614 3235 683 3298 quae
704 3213 788 3278 laeta
808 3221 892 3292 sunt,
911 3213 965 3276 sed
990 3235 1028 3277 ea
1050 3235 1118 3297 quae
1142 3212 1321 3277 factasunt
1343 3215 1487 3300 subjecta

329 3325 403 3381 suut
433 3316 521 3380 Deo:
557 3323 589 3380 el
618 3316 724 3380 omnia
753 3316 891 3380 serviunt
918 3315 1069 3379 voluntati
1099 3315 1177 3400 ejus.
1223 3316 1417 3402 Quapropter
1446 3325 1480 3380 et

165 3428 219 3518 ξρν-
232 3430 293 3468 ¹v111·
330 3419 486 3483 Dominus
500 3418 563 3482 ait:
592 3417 666 3497 Quoe
679 3417 879 3503 impossibilia
893 3427 964 3481 eunt
978 3415 1067 3501 apud
1082 3417 1222 3494 leminea,
1238 3416 1396 3502 possibilia
1413 3429 1486 3483 sunt

237 3581 240 3590 .
328 3523 416 3609 opud
429 3523 539 3586 Deum.
585 3521 855 3602 Quemadmodum
871 3519 967 3605 igitur
981 3519 1030 3583 his
1041 3519 1094 3604 qui
1110 3541 1192 3584 nuno
1202 3527 1275 3583 sunt
1290 3519 1480 3598 hominibus,

328 3625 544 3712 ignorantibus
561 3623 797 3709 dispositionem
814 3623 885 3700 Dei,
902 3621 1081 3686 incredibile
1096 3630 1128 3686 et
1143 3621 1332 3708 impossibile
1347 3622 1480 3697 videtur,

327 3735 433 3792 tantos
458 3749 557 3791 annos
580 3727 715 3810 aliquem
739 3725 897 3788 bominem
920 3745 1010 3808 posse
1030 3723 1143 3801 vivere,
1163 3733 1195 3788 et
1217 3724 1360 3787 vixenrnt
1378 3724 1409 3786 hi
1425 3725 1478 3808 qui

325 3839 399 3894 ante
426 3852 484 3894 nos
513 3829 648 3904 luerunt,
679 3837 711 3892 et
737 3828 844 3891 vivunt
873 3827 927 3911 qui
957 3827 1099 3890 translati
1129 3835 1204 3891 sunt
1233 3827 1274 3890 ad
1303 3829 1480 3914 exemplum

326 3933 438 3996 suturae
453 3930 657 4017 longitudinis
671 3929 811 4004 dierum;
834 3938 867 3993 et
882 3931 1040 3994 daventre
1056 3931 1127 4009 ceti,
1149 3939 1181 3995 et
1202 3932 1240 3996 de
1262 3933 1384 3996 camino
1400 3931 1481 4018 ignis

326 4035 427 4100 salvos
458 4033 570 4109 exisse,
603 4040 636 4095 et
665 4041 772 4096 tamen
797 4031 949 4112 exierunt,
980 4033 1083 4098 eduoti
1114 4034 1198 4099 velut
1228 4057 1322 4098 manu
1350 4034 1410 4099 Dei
1439 4035 1481 4100 ad

324 4137 535 4203 ostensionem
554 4133 679 4201 virtutis
703 4135 789 4221 ejus:
814 4135 860 4200 sio
883 4143 916 4201 et
943 4158 1035 4216 nune,
1066 4137 1209 4222 quamvis
1238 4137 1365 4224 quidam
1391 4137 1481 4225 igno·

372 4329 382 4360 ¹
396 4330 567 4390 Ἐκκαιομένην
578 4329 666 4379 melius
684 4330 745 4394 legit
756 4335 808 4380 vet.
821 4331 874 4382 Iut.
927 4334 953 4382 in
965 4338 1015 4384 vet.
1029 4333 1081 4384 Iut.
1094 4334 1161 4383 haud
1173 4339 1326 4399 eompareut.
1359 4335 1465 4386 esraa.

324 4411 447 4459 Caeterum
456 4411 520 4459 inter
528 4413 592 4460 hano
601 4428 686 4460 vooetn
695 4418 720 4461 et
729 4413 877 4476 particulam
975 4413 987 4445 ¹
1003 4417 1064 4474 An„
1078 4415 1125 4464 but
1133 4416 1351 4476 Cn.‚Voss,Vnn.
1365 4416 1479 4469 beverinis.

324 4494 379 4540 οὔτε
390 4493 415 4539 iu
428 4491 502 4540 Dam.
516 4493 633 4540 citatione
644 4499 670 4542 et
681 4494 742 4543 God.
757 4494 814 4542 Bar.
825 4496 877 4543 haee
975 4494 986 4526 ⁸
1003 4495 1062 4543 Add
1073 4495 1136 4544 from
1148 4497 1191 4545 the
1202 4497 1284 4545 Greek
1296 4495 1344 4545 Dei
1355 4504 1383 4548 e.

323 4575 383 4620 sunt
398 4572 506 4620 inserta:
524 4574 618 4630 ἔμειναν
629 4575 748 4634 ἄφθαρτοι
760 4577 806 4634 καὶ,
820 4591 877 4637 quae
975 4576 986 4606 ⁴
1002 4578 1052 4625 An.
1066 4577 1140 4625 omits
1151 4584 1192 4628 eat.
