3260 5082
446 373 608 427 INGRUI'l'
634 373 793 426 DIABOLI
820 372 1042 426 INIMICITIA.
1243 355 1308 422 397

157 531 228 604 κατ’
249 529 334 604 idias
354 530 484 625 γνώμην
503 529 697 604 ἀποστάντι
717 535 780 606 τοῦ
799 533 894 616 Θεοῦ,
916 533 970 604 καὶ
991 535 1076 602 πᾶσι
1097 543 1167 609 τοῖς
1187 531 1311 615 ἆμετα-
1354 541 1446 626 {¹233-

158 648 277 728 νοῆτως
313 645 534 744 παραμείνασι
571 644 605 715 ε’ν
640 649 683 740 τῆ
713 644 932 786 ἀποστασία,
966 643 1018 715 dai
1053 649 1119 716 τῶν
1152 633 1478 718 rocodvcv⁰davss¹vl¹'

159 757 337 857 ἀνθρώπων
358 756 630 856 βλασφημεῖ
590 789 651 829 τον
684 758 744 842 τὴν
767 789 875 857 κρισιν
905 755 1079 850 ἐπάγοντα
1109 757 1288 856 Κύριον,
1272 791 1311 836 ως
1279 726 1474 818 AE«

160 867 218 952 ἤδη
243 872 522 970 κατακεκριμένος,
547 870 600 941 xci
629 903 690 954 την
713 872 880 970 ἁμαρτίαν
904 879 961 954 τῆς
985 868 1111 946 idias
1094 873 1311 949 αποστασίας

159 984 209 1072 τῷ
245 984 389 1076 ε’κτικότι
425 981 525 1055 αι’ντόν
559 983 731 1068 ἀποκαλεῖ,
765 985 846 1054 ἀλλ’
878 985 915 1054 οὗ
948 986 992 1077 τῇ
1022 981 1088 1076 ἰδίᾳ
1126 981 1311 1082 αὐθαιρέτῳ

158 1093 280 1190 γνώμῃ·
318 1099 358 1174 ὡς
382 1095 436 1167 καὶ
468 1099 501 1167 αι’
531 1097 796 1194 παραβαίνοντες
825 1096 901 1174 τοὺς
930 1097 1053 1181 νόμους,
1079 1095 1196 1167 ἔπειτα
1224 1094 1311 1174 dirue

157 1204 308 1293 διδόντες,
328 1210 496 1284 αι’τιῶνται
516 1207 593 1286 τοὺς
612 1209 802 1294 νομοθέτας,
821 1209 901 1280 ἀλλ’
921 1209 985 1306 οὐχ
1003 1209 1165 1285 ἔαντοῦςι.

74 1474 76 1480 ,
156 1414 241 1479 niam
259 1415 342 1502 ignis
355 1423 490 1483 aeternus
505 1416 534 1482 ei
551 1425 744 1504 praeparatus
758 1425 807 1482 est
824 1439 864 1482 ex
881 1438 939 1482 sua
952 1415 1111 1482 voluntate
1130 1415 1310 1482 abscedenti

155 1539 177 1582 a
192 1518 271 1597 Deo,
288 1527 320 1584 et
334 1521 479 1586 omnibus
497 1521 550 1606 qui
569 1522 637 1586 sine
656 1519 841 1607 poenitentia
861 1529 1058 1607 perseverant
1076 1521 1112 1584 in
1132 1520 1307 1606 apostasia:

156 1643 212 1706 per
226 1621 402 1708 hujusmodi
417 1623 557 1689 homines
567 1623 762 1710 blasphemat
774 1645 846 1688 eum
860 1624 1056 1711 2Deu1n‚qui
1067 1623 1219 1710 judicium
1233 1623 1311 1688 ³im-

157 1731 272 1808 portat,
288 1725 377 1811 quasi
392 1727 460 1813 jam
483 1725 716 1804 condemnatus,
732 1733 764 1790 et
780 1732 945 1811 peccatum
964 1747 1030 1790 suae
1055 1725 1222 1811 apostasiae
1236 1746 1310 1790 oon-

156 1827 250 1894 ditori
265 1851 322 1894 suo
337 1829 481 1915 imputat,
493 1837 525 1896 et
540 1852 602 1894 non
617 1852 682 1896 suae
696 1829 848 1894 voluntati
862 1835 895 1894 et
909 1828 1092 1894 sententiae:
1110 1830 1310 1914 quemadmo-

156 1931 275 1996 dumet
290 1933 341 2019 qui
357 1932 633 2020 supergrediuntur
647 1932 742 2020 leges,
753 1939 786 1997 ct
796 1939 906 2018 postea
916 1952 1026 2016 poenas
1040 1930 1127 2009 dant,
1139 1941 1310 2018 queruntur

53 2077 64 2090 -
156 2034 196 2098 de
207 2033 442 2120 legislatoribus,
455 2033 511 2100 sed
522 2056 585 2099 non
597 2033 636 2098 de
650 2033 836 2118 semetipsis.
870 2032 925 2096 Sic
937 2039 1043 2097 autem
1055 2038 1088 2096 et
1099 2032 1148 2096 ⁴hi
1159 2033 1311 2098 diabolico

156 2135 267 2222 spiritu
282 2136 375 2222 pleni,
390 2136 568 2226 innumeras
586 2135 800 2200 accusationes
819 2133 955 2198 inferunt
975 2131 1085 2198 factori
1105 2141 1223 2212 nostro,
1240 2135 1310 2222 ⁴qui

157 2245 191 2302 et
207 2239 356 2323 Spiritum
374 2239 448 2304 vitae
465 2239 557 2303 nobis
576 2237 746 2314 donaverit,
766 2244 799 2301 et
816 2236 917 2322 legem
931 2235 1075 2300 omnibus
1093 2243 1200 2320 aptam
1218 2259 1311 2320 posu·

158 2342 236 2417 erit;
259 2350 293 2407 et
307 2342 417 2407 uolunt
425 2341 548 2427 justum
566 2361 635 2405 asse
646 2339 798 2426 judicium
813 2338 884 2403 Dei.
923 2337 1118 2423 Quapropter
1132 2345 1165 2420 et
1178 2338 1311 2404 alterum

159 2444 314 2530 quendam
328 2444 509 2530 excogitant
523 2450 653 2528 patrem,
674 2462 775 2526 neque
790 2448 960 2519 curantem,
978 2461 1079 2526 neque
1101 2441 1312 2526 providentem
1338 2501 1341 2506 .

58 2567 91 2652 g
95 2565 143 2651 22,
159 2567 267 2610 eorum
282 2565 352 2630 quac
367 2551 441 2610 sunt
455 2565 530 2632 erga
544 2565 612 2619 nos,
624 2551 679 2607 aut
694 2541 790 2607 etiam
804 2541 1067 2606 ⁵oonsentientem
1083 2542 1227 2606 omnibus
1240 2564 1311 2628 pec-

159 2647 249 2713 catis.
286 2647 321 2712 Si
341 2647 424 2711 enim
445 2669 508 2711 non
525 2645 646 2732 judicat
667 2653 766 2731 pater,
785 2652 841 2710 aut
861 2666 924 2710 nou
945 2643 1080 2730 pertinet
1096 2643 1137 2708 ad
1154 2665 1236 2723 eum,
1256 2652 1312 2710 aut

159 2749 314 2818 consentit
337 2748 386 2814 his
407 2771 477 2836 quae
503 2749 583 2814 fiunt
607 2749 769 2814 omnibus:
794 2757 827 2814 et
848 2748 892 2813 ⁰si
915 2769 978 2813 non
996 2747 1127 2833 judicat,
1150 2769 1258 2813 omnes
1280 2748 1313 2812 in

158 2873 249 2938 aequo
263 2859 363 2931 erunt,
375 2859 408 2917 et
422 2851 456 2916 in
467 2851 577 2917 eodem
587 2850 864 2916 dinumerabuntur
874 2858 971 2917 statu.
1009 2851 1224 2936 Supervacuus
1238 2873 1313 2940 ergo

158 2955 218 3020 erit
232 2955 383 3022 adventus
398 2953 526 3034 Ghristi,
543 2961 575 3020 et
591 2953 776 3034 contrarius,
792 2953 824 3019 in
839 2976 877 3020 eo
892 2953 975 3040 quod
990 2975 1052 3020 non
1064 2953 1195 3041 judicet.

579 3205 681 3272 OAP.
705 3205 865 3273 XXVII.

159 3361 219 3436 Dc
232 3361 366 3460 futuro
382 3359 529 3460 judicio
550 3385 623 3460 per
650 3357 844 3451 Christum,
873 3359 1122 3436 οοοιιαααιοαο
1148 3374 1181 3435 et
1208 3387 1314 3462 scpu-

259 3477 403 3553 rotionc
419 3475 558 3566 divino,
576 3489 685 3576 atque
701 3474 905 3576 infidelium
917 3477 1038 3576 poeat's
1055 3476 1207 3553 αιοναὶα

129 3673 139 3688 ·
227 3646 257 3708 1.
308 3643 405 3706 Vrmn
426 3643 506 3708 caim
527 3641 666 3706 madero
686 3641 833 3707 homiaem
854 3643 1000 3709 adseram
1013 3654 1138 3730 patrem
1159 3665 1256 3723 αοινοι,
1287 3653 1419 3710 ειιιαιι
1429 3667 1461 3704 οι.

151 3743 259 3829 fllium
277 3743 423 3808 adversus
442 3753 578 3822 οιαιναα,
597 3752 626 3808 αι
644 3765 758 3808 aarum
778 3745 923 3811 aaaron
943 3767 1079 3814 socnam:
1102 3755 1228 3813 etcum
1251 3746 1476 3848 ᾱαοιιιιιιιιιι

160 3847 254 3912 sint
246 3868 279 3910 m
303 3847 413 3911 eodem
433 3845 525 3924 lecto,
548 3867 646 3910 unum
666 3867 835 3929 assumere,
858 3858 891 3914 et
912 3850 1044 3916 alterum
1065 3851 1255 3940 relinquere:
1280 3811 1353 3916 et³⁵

161 3949 282 4015 duabus
303 3947 519 4014 molentibus'
510 3970 543 4013 m
563 3949 655 4030 mola,
678 3951 808 4016 alteram
829 3975 996 4034 assumere,
1016 3964 1049 4022 et
1070 3955 1201 4024 alteram
1222 3955 1314 4022 relin-

161 4073 273 4140 quere:
297 4050 338 4116 ad
360 4050 454 4115 finem
473 4051 583 4138 jubere
607 4053 796 4119 messoribus
814 4055 957 4142 colligere
979 4056 1113 4142 primum
1132 4057 1257 4138 munia,
1281 4065 1314 4124 et
1329 4071 1480 4114 unexit-³⁰·

210 4239 291 4289 1Τλο
301 4239 433 4304 quotation
442 4239 570 4289 continues
581 4239 713 4290 inthsOa·
812 4241 890 4294 ”Aa
903 4243 1022 4306 importet.

161 4324 293 4373 tens-ded
303 4323 376 4370 τοῦτο
388 4321 418 4371 ὡς
426 4321 487 4370 λέων
494 4324 629 4384 wancarae,
642 4323 712 4385 ώρνύ-
812 4325 823 4356 ⁴
839 4325 873 4374 lt.
903 4327 955 4376 ΑΒ.
969 4325 1005 4387 ia,
1018 4324 1068 4374 and
1079 4325 1152 4374 omits
1164 4324 1214 4388 qut

162 4421 237 4464 μενοι,
258 4405 352 4454 πάντας
374 4405 515 4466 φιλονεικῶν
531 4404 632 4454 ἑλκύσαι
655 4405 714 4467 πρὸς
811 4405 823 4438 ⁵
839 4406 1228 4471 Aa.fsulti1y,coaocstea=tso.

163 4488 208 4544 τὴν
219 4486 280 4534 ἰδίαν
291 4487 421 4537 ἀπώλειαν.
813 4487 824 4520 ⁶
840 4489 892 4536 Ar,
905 4487 969 4538 lones
980 4487 1009 4538 ια’.

209 4565 325 4616 ‘Deum
358 4567 404 4618 fil.
422 4567 499 4618 Man.
528 4569 614 4629 κύριον.

264 4674 338 4720 von.
357 4675 390 4720 ιι.
1172 4653 1214 4714 25
