3270 5116
307 327 375 396 484
778 343 809 398 s.
837 341 989 400 renum

308 505 529 604 αι’ντονργικῶς
553 501 659 593 ἐαυτῷ
684 497 746 576 τδν
765 501 873 595 λόγον
894 501 949 574 καί
970 503 1031 586 τίην
1053 497 1216 602 διάκρισιν
1237 499 1290 572 καί
1311 500 1378 585 την
1404 503 1492 572 σύν-

309 649 380 690 εσιν
405 616 460 686 καί
490 615 668 714 ἇπόιιρισιν
691 620 757 688 τῶν
787 614 852 686 ὖπδ
881 623 940 698 τῆς
968 613 1119 708 γυναικὸς
1143 615 1333 714 λεγομένοιν
1350 615 1493 713 αἐχρή-

311 761 409 814 σατο,
427 727 493 828 ἄρα
520 726 574 800 οὖν
596 728 650 799 καί
674 731 740 805 πᾶς
765 729 843 828 ὄφις
871 733 978 800 τοῦτο
1007 739 1115 800 ποιεῖν
1138 728 1175 798 ον’
1199 729 1379 800 κεκῶλντο.
1434 723 1493 796 Εἰ

311 839 347 913 δέ
366 839 470 912 πάλιν
490 845 638 940 φήσουσι
656 839 743 913 κατὰ
771 840 861 911 θείαν
888 840 1016 928 βουλίην
1045 841 1100 912 καί
1127 840 1315 924 οἰκονομίαν
1343 839 1492 938 ἅνθρω-

311 955 387 1050 πίνη
428 960 521 1054 φονῇ
556 955 600 1048 τῇ
637 951 712 1045 Erip
747 958 872 1024 τοῦτον
916 953 1255 1052 προσφθέγγεσθαι,
1275 951 1337 1024 τὸν
1383 949 1490 1021 θεὸν

311 1070 433 1138 ἱστῶσι
457 1074 515 1149 τῆς
539 1065 705 1164 ἁμαρτίας
726 1065 844 1137 α’ίτιον.
889 1065 994 1136 Ἀλλ’
1019 1064 1092 1136 οὐδὲ
1112 1073 1162 1155 τῷ
1185 1072 1318 1162 πονηρῷ
1337 1061 1488 1148 δαίμονι

312 1177 387 1275 ἐξὸν
412 1180 447 1252 εἰς
465 1183 529 1250 τοῦ
548 1177 594 1263 μη
620 1179 715 1255 ὄντος
737 1179 780 1254 είς
801 1175 845 1249 τδ
868 1174 947 1250 εἶναι
967 1178 1092 1270 ἀλόγῳ
1109 1179 1210 1277 φύσει
1236 1178 1345 1269 λόγον
1369 1177 1489 1275 χαρί-

312 1295 454 1364 σασθαι·
481 1291 552 1362 ἐπεὶ
580 1291 636 1362 οὐκ
660 1289 700 1362 dv
724 1289 897 1362 ἐπαύσατό
920 1320 1008 1363 ποτε
1031 1289 1115 1390 πρὸς
1138 1285 1272 1372 ἆποίτην
1298 1287 1339 1358 δι’
1356 1289 1486 1386 ὄφεων

312 1405 366 1476 καί
399 1404 516 1503 θηρίων
543 1403 598 1474 καί
638 1407 795 1476 πετεινῶν
823 1413 895 1479 τοῖς
926 1402 1110 1502 ἆνθριίποις
1147 1401 1381 1494 διαλεγόμενος
1416 1399 1484 1471 καί

314 1521 458 1587 πλανῶν.
505 1515 620 1586 Πόθεν
650 1513 685 1586 δέ
710 1512 764 1585 καί
794 1514 906 1614 θηρίον
932 1511 984 1598 δν,
1016 1521 1133 1598 ἤκουσε
1160 1523 1219 1597 τῆς
1245 1515 1381 1594 ἐντολῆς
1411 1520 1484 1594 τῆς

314 1627 378 1700 ὑπὸ
407 1628 495 1700 θεοῦ
521 1630 571 1716 τῷ
599 1629 769 1726 ἀνθρώπῳ,
796 1626 850 1697 καί
881 1628 979 1718 μόνῳ,
1014 1631 1178 1704 ιιυατικῶς
1206 1625 1364 1708 δοθείσης,
1392 1623 1480 1726 μηδ’

315 1742 413 1820 odric
436 1747 494 1820 riis
520 1737 670 1830 ’γυναικὸς
699 1744 803 1810 τοῦτο
826 1741 1012 1823 μαθούσηςς
1044 1737 1111 1810 Διὰ
1133 1741 1170 1812 τί
1189 1739 1234 1822 μη
1261 1741 1396 1823 μᾶλλον
1420 1739 1481 1826 τῷ

315 1851 485 1950 ι’κνθρῶτιρ,
509 1850 562 1922 καί
589 1851 625 1922 ori
646 1853 690 1944 τῇ
710 1851 837 1943 γυναικί
858 1853 1079 1950 προσέβαλε;
1109 1849 1206 1922 3Κθν
1235 1850 1280 1933 μη
1303 1851 1401 1944 εἴπης,
1430 1851 1478 1925 ὧς·

315 1963 557 2063 ἆσθενεστέρας
580 1965 702 2046 ταίκτης
726 1961 929 2062 κατέδραμε·
955 1965 1149 2037 τούναντίον
1177 1961 1398 2060 ἀνδρειοτέρα,
1429 1965 1475 2036 ὡς

316 2073 443 2164 βοηθδς
470 2081 534 2147 τοῦ
557 2075 732 2174 ἆνθρῶπον
754 2073 861 2175 ἐφάνη
887 2077 920 2145 ἐν
946 2079 988 2169 τῇ
1014 2073 1210 2176 παραβάσει
1236 2083 1294 2158 τῆς
1323 2075 1471 2155 ἐντολῆς.

316 2187 414 2272 Αὕτη
438 2185 507 2287 γὰρ
531 2187 584 2258 καί
609 2189 754 2286 ἆνταίρει
777 2189 861 2272 μόνη
883 2191 934 2278 τῷ
959 2190 1047 2287 ὄφει,
1074 2188 1128 2258 καί
1157 2185 1244 2273 μετιί
1269 2217 1358 2262 τινος
1383 2183 1472 2256 crd-

317 2331 397 2377 σεινς
415 2300 468 2372 καί
493 2301 694 2400 φιλονεικίας
716 2305 1084 2400 καταπαναυργηθεῖσα,
1111 2306 1175 2372 τοῦ
1197 2299 1298 2394 ξύλον
1323 2298 1468 2397 ἔφαγεν·

315 2527 478 2614 praeditum
500 2525 660 2592 dicamus!
703 2525 738 2590 Si
762 2525 887 2610 quidem
908 2545 930 2590 e
949 2545 984 2589 se
1005 2525 1074 2610 ipso
1098 2523 1161 2590 vim
1183 2523 1292 2590 habuit
1313 2523 1468 2609 loquendi,

315 2627 521 2706 discernendi,
537 2627 728 2714 intelligendi
743 2635 776 2691 et
790 2626 995 2713 respondendi
1010 2627 1050 2692 iis
1065 2648 1134 2712 quse
1148 2648 1169 2692 a
1183 2626 1310 2694 muliere
1324 2627 1470 2692 diceban·

315 2739 383 2798 tur:
407 2729 484 2796 nihil
500 2751 575 2817 ergo
589 2729 807 2818 prohibuisset,
824 2727 989 2813 quominus
1006 2750 1134 2814 serpens
1148 2727 1278 2814 quilibet
1293 2729 1352 2793 hoc
1367 2729 1469 2814 ipsum

315 2842 434 2922 ageret.
481 2833 516 2898 si
540 2841 646 2898 autem
667 2829 892 2916 responderint,
917 2829 979 2896 Dei
1002 2829 1161 2897 voluntate
1183 2840 1216 2896 et
1240 2831 1470 2918 dispensatione

316 2936 399 3002 hunc
422 2936 558 3000 humana
580 2955 655 2999 voce
682 2933 786 2998 Evam
808 2931 903 2998 luisse
925 2929 1110 2998 allocutum:
1134 2934 1202 3019 jam
1228 2933 1331 2998 Deum
1355 2934 1470 2998 conati-

316 3045 410 3103 tuunt
428 3045 585 3102 auctorem
601 3035 731 3122 peccati.
777 3034 843 3100 Sed
855 3057 955 3122 neque
975 3035 1120 3122 possibile
1137 3043 1205 3102 eret
1224 3035 1306 3101 malo
1325 3035 1469 3112 daemoni,

317 3141 346 3206 ei
369 3139 522 3224 loquelam
547 3137 708 3223 impertiri,
730 3137 784 3224 qui
806 3145 920 3202 nature
941 3149 1046 3202 mutus
1063 3147 1141 3216 erat,
1166 3147 1202 3204 ut
1227 3139 1259 3203 id
1282 3147 1366 3204 esset
1388 3139 1470 3224 quod

318 3249 412 3306 antes
431 3261 494 3304 non
513 3249 596 3304 erat:
620 3238 735 3324 alioqui
756 3260 818 3303 non
839 3238 992 3316 desiisset,
1012 3249 1048 3304 ut
1064 3239 1206 3306 homines
1225 3241 1258 3305 in
1275 3261 1409 3306 errorem
1424 3239 1470 3304 in-

317 3345 455 3421 duceret,
475 3365 570 3430 opere
588 3353 766 3430 serpentum
785 3351 818 3409 et
832 3343 968 3407 seramm
984 3350 1017 3407 et
1035 3341 1192 3408 volucmm
1212 3365 1283 3409 cum
1298 3343 1338 3408 iis
1356 3343 1471 3407 hebere

318 3467 503 3524 sermonem,
522 3467 636 3532 eosque
654 3445 915 3512 circumscribere.
961 3444 1057 3509 Unde
1076 3467 1148 3510 vero
1163 3446 1216 3532 qui
1235 3445 1301 3510 fera
1317 3453 1396 3523 erat,
1416 3467 1471 3510 au·

318 3549 396 3616 divit
410 3557 599 3636 praeceptum
613 3548 741 3628 homini,
756 3549 848 3634 eique
861 3547 919 3612 soli
938 3555 1060 3612 secreto
1075 3547 1193 3626 datum,
1209 3568 1249 3612 ne
1263 3546 1332 3634 ipsa
1345 3547 1471 3632 quidem

320 3652 446 3718 conscia
466 3653 612 3718 muliere!
648 3651 711 3718 Gur
731 3671 795 3716 non
812 3649 970 3715 hominem
990 3649 1094 3735 potius
1114 3671 1281 3737 aggressus
1297 3659 1357 3729 eet,
1378 3672 1472 3738 quam

321 3753 499 3820 mulierem!
531 3754 566 3819 Si
580 3753 697 3819 dixeris
711 3751 797 3831 mihi,
809 3753 890 3817 hanc
901 3759 1051 3838 tanquam
1065 3751 1296 3818 imbecilliorem
1312 3775 1471 3841 oppugna·

321 3865 404 3922 tem:
429 3855 503 3942 quin
525 3854 619 3919 immo
641 3853 758 3932 fortior,
780 3863 890 3940 utpote
911 3853 1089 3918 auxiliatrix
1111 3854 1256 3934 hominis,
1278 3857 1423 3942 apparuit
1440 3858 1472 3921 in

320 3955 566 4043 transgressione
585 3953 740 4040 praecepti.
780 3953 862 4018 Haec
879 3955 962 4020 enim
976 3955 1043 4019 sola
1057 3955 1174 4020 restitit
1190 3957 1342 4042 serpenti;
1365 3965 1399 4022 et
1418 3959 1471 4023 ubi

320 4056 510 4148 aliquamdiu
530 4055 706 4135 restitisset,
727 4056 1009 4143 contendissetque,
1031 4057 1102 4123 dolo
1124 4059 1333 4124 circumventa
1354 4082 1372 4126 e
1394 4059 1472 4148 ligni

322 4287 380 4336 thet
401 4286 444 4335 tho
462 4286 549 4335 render
567 4285 618 4336 will
635 4285 693 4336 look
714 4286 741 4335 in
760 4285 817 4335 vain
835 4287 875 4336 ior
966 4285 1227 4351 ’ἐχρησατηίοτιαινε
1234 4288 1374 4351 ἐχαρίσατο.
1383 4287 1471 4338 Mass.

323 4386 373 4434 any
384 4374 546 4433 conaterpart
556 4374 583 4418 to
594 4369 646 4418 this
657 4369 783 4433 stagmsnt
792 4369 819 4418 in
831 4369 875 4418 the
921 4369 1064 4430 δχωρηιατο
1075 4369 1095 4417 is
1107 4367 1251 4430 preferable.

322 4449 494 4500 observatione
510 4447 539 4496 ol
553 4445 724 4498 Hmonrrus
743 4465 812 4513 npon
831 4449 875 4498 the
970 4447 1052 4511 Uspe,
1067 4449 1168 4508 stupor.
1188 4448 1275 4498 Mass.
1295 4449 1339 4498 stt
1350 4449 1474 4507 ttwuuld

324 4531 417 4596 Ophite
427 4545 455 4580 or
466 4529 594 4578 Nemone
605 4533 658 4580 sect
669 4529 698 4578 of
713 4528 873 4579 Gnosticirm.
922 4530 953 4578 be
964 4529 1012 4578 less
1023 4529 1107 4578 harah.
1129 4529 1168 4578 Ol.
1181 4544 1205 4596 p.
1220 4529 1275 4589 381.
