3276 5086
587 424 726 479 menos
751 423 934 478 cunnum.
1269 405 1334 477 371

245 582 278 646 3.
323 579 461 644 Peccata
475 577 569 665 igitur
583 579 755 659 remittens,
771 577 929 644 hominem
943 577 1068 666 quidem
1082 578 1209 657 curavit,
1224 583 1337 644 semet·
1380 597 1468 684 pipp.

180 681 282 768 ipsum
299 689 406 747 autem
428 681 591 747 manifeste
606 682 743 748 ostendit
762 682 832 770 quis
846 689 940 748 esset.
979 681 1013 747 Si
1029 681 1111 746 enim
1126 702 1218 746 nemo
1233 688 1337 766 potest
1349 691 1499 778 optma

180 783 337 850 remittere
352 793 490 870 peccate,
509 784 569 848 nisi
583 784 668 850 solus
688 785 793 861 Deus3
817 785 995 850 remittebat
1013 793 1119 850 autem
1137 783 1205 849 haec
1226 784 1336 849 Domi·
1348 783 1496 868 „²³⁴2-

180 909 248 964 nus,
272 895 305 950 et
323 887 452 950 curabat
473 885 632 962 homines,
657 888 836 952 ¹maniieste
854 887 1000 974 quoniam
1020 887 1087 973 ipse
1108 895 1175 951 erat
1192 886 1335 952 Verbum

181 990 242 1054 Dei
258 989 358 1054 Filius
372 988 508 1053 hominis
524 989 636 1066 sactus,
652 1011 672 1054 a
687 990 783 1055 Patre
799 998 987 1076 potestatem
1007 989 1212 1054 ²remissionis
1226 1011 1334 1075 pecca-

179 1103 281 1159 torum
302 1093 466 1180 accipiens,
491 1093 637 1180 quoniam
657 1093 760 1171 homo,
777 1103 810 1158 et
832 1093 977 1180 quoniam
999 1094 1098 1172 Deus,
1121 1103 1157 1158 ut
1179 1093 1334 1180 quomodo

179 1197 272 1262 homo
293 1218 475 1282 compassus
495 1205 544 1261 est
567 1197 666 1274 nobis,
691 1205 840 1282 tanquam
864 1197 953 1262 Deus
975 1197 1157 1262 misereatur
1178 1197 1277 1262 nostri
1300 1204 1334 1262 et

178 1300 318 1364 remittat
344 1298 433 1364 nobis
454 1299 559 1364 debita
581 1307 698 1377 nostra,
723 1321 793 1386 quae
819 1299 929 1364 factori
953 1307 1060 1365 nostro
1081 1300 1229 1365 debemus
1251 1299 1330 1365 Deo.

179 1401 225 1468 Et
243 1411 369 1488 propter
385 1402 444 1467 hoc
463 1401 565 1466 David
585 1401 747 1488 praedixit:
771 1403 866 1468 Beati
885 1424 1013 1489 quorum
1033 1403 1165 1466 remisere
1181 1411 1252 1466 auat
1271 1402 1332 1466 iret-
1345 1422 1448 1463 Ριιιιιι.
1457 1425 1474 1473 1,
1481 1426 1498 1464 r.

176 1505 316 1588 quiteies,
332 1515 499 1590 etquenam
514 1514 591 1570 tecte
610 1513 680 1569 suot
691 1515 831 1591 peccatu.
875 1505 992 1569 Beatus
1004 1503 1097 1582 Ῐιοοοο,
1113 1505 1164 1570 cui
1183 1523 1243 1568 noo
1256 1505 1331 1569 1’ἑοι-

170 1609 297 1692 puerit
315 1608 465 1672 Dominus
477 1617 658 1694 porcetum·
682 1629 752 1673 eam
772 1630 842 1695 quae
862 1629 917 1694 per
936 1608 1103 1672 adventum
1117 1609 1185 1694 ejus
1204 1615 1263 1686 est,
1283 1629 1331 1674 re·

177 1709 356 1774 missionem
377 1717 626 1795 praemonstrens,
648 1732 704 1796 per
729 1732 822 1796 quam
844 1710 954 1775 delenit
975 1709 1208 1796 ebiropreptum
1234 1710 1457 1776 debitionem

177 1813 285 1891 nostri,
307 1823 336 1878 et
351 1815 450 1896 efficit
470 1813 553 1878 itud
569 1815 674 1878 cneci:
698 1815 744 1879 uti
762 1813 1021 1900 quemadmodum
1041 1835 1096 1900 per
1115 1813 1234 1900 lignum
1255 1813 1331 1880 iacti

176 1937 285 1982 sumus
304 1915 458 1981 debitores
477 1915 557 1994 Deo,
572 1937 628 2002 per
646 1915 766 2004 lignum
785 1915 975 2001 accipiamus
989 1915 1087 1980 nostri
1105 1915 1202 1982 debiti
1222 1917 1330 1982 remis·

177 2019 306 2084 sionem.

243 2126 274 2188 4.
319 2121 392 2186 Hoc
406 2129 439 2186 et
458 2143 513 2207 per
529 2121 607 2186 alios
626 2121 750 2206 quidem
769 2121 893 2198 multos,
911 2121 978 2206 jam
992 2129 1099 2186 autem
1118 2129 1151 2186 et
1165 2143 1220 2208 per
1241 2121 1329 2188 Heli·
1342 2131 1475 2182 mesot-t

176 2245 264 2289 seurn
286 2224 469 2310 prophetam
487 2222 698 2309 significanter
720 2229 879 2286 ostensum
901 2231 959 2286 est.
999 2220 1078 2286 (ium
1101 2223 1185 2286 enim
1205 2223 1257 2287 ⁴hi
1277 2223 1331 2310 qui

176 2349 248 2392 cum
262 2327 314 2392 illo
328 2335 417 2391 erant
428 2325 605 2411 ⁴prophetae
620 2323 816 2389 conciderent
828 2323 912 2410 ligna
927 2324 967 2387 ad
985 2323 1217 2390 fabricationem
1229 2327 1330 2392 taber·

176 2428 289 2504 naculi,
304 2437 337 2492 et
358 2428 475 2491 sermm
496 2447 661 2490 excussum
680 2425 719 2488 de
742 2423 841 2489 securi
861 2425 1024 2490 cecidisset
1047 2425 1079 2489 in
1101 2425 1124 2490 J
1127 2427 1283 2506 ordenem,
1299 2436 1331 2492 et

176 2551 239 2594 non
258 2529 445 2594 inveniretur
464 2529 504 2592 ab
525 2527 611 2613 ipsis,
629 2526 755 2591 veniens
778 2525 924 2591 Heliseus
943 2526 985 2590 ad
1004 2527 1106 2612 ipsum
1125 2528 1237 2606 locum,
1259 2549 1331 2594 curn

175 2631 334 2696 didicisset
354 2632 427 2718 quid
446 2639 529 2696 esset
548 2631 675 2707 factum,
695 2629 814 2715 lignum
836 2629 1001 2715 inaquam
1019 2630 1123 2695 misit:
1147 2631 1206 2696 hoc
1225 2640 1331 2697 eutem

176 2755 248 2798 cum
269 2733 404 2813 iecisset,
427 2732 638 2820 supernatavit
658 2733 774 2797 sermm
795 2731 922 2811 securis,
944 2733 1036 2798 etde
1057 2733 1219 2820 superficie
1240 2755 1330 2821 equae

177 2946 230 3015 Δι’
257 2947 360 3046 ἔργον
386 2942 505 3038 ἔδειξεν
533 2947 552 3015 ὁ
582 2947 769 3042 προφήτης,
800 2943 855 3014 ὅτι
887 2940 949 3014 τὸν
973 2940 1110 3041 στερεὸν
1134 2944 1244 3033 λόγον
1267 2951 1330 3017 τοῦ
1341 2971 1373 3010 nx
1387 2971 1494 3058 cffip

248 3065 265 3082 Α
297 3059 310 3090 4
418 3058 426 3082 ,
503 3062 519 3079 Α
568 3057 577 3080 ,
718 3056 727 3081 2
849 3054 857 3079 r
886 3056 894 3081 r
943 3057 952 3081 ι
981 3055 989 3082 r
1151 3055 1159 3080 r
1306 3058 1315 3083 r

177 3057 271 3144 Θεου,
297 3091 353 3129 ον.
368 3111 376 3128 .
390 3111 398 3126 .
411 3066 538 3142 αμελως
561 3058 798 3142 αποβαλοντες
822 3085 884 3150 ουχ
919 3085 1118 3153 ηυρισκομεν,
1144 3058 1329 3154 αποληψο-
1341 3065 1493 3150 ξῃῇοοίὼ·

174 3176 259 3254 preda
275 3169 378 3242 πάλιν
393 3168 445 3241 διὰ
465 3178 522 3253 τῆς
539 3175 601 3241 τοῦ
619 3165 720 3262 ξύλου
740 3165 934 3250 οἰκονομίας.
956 3165 1043 3238 ’Ότι
1065 3166 1099 3237 δὲ
1118 3165 1210 3262 ἆξῖνῃ
1228 3171 1329 3241 ἔοικεν

176 3284 195 3353 ὁ
218 3285 325 3376 λόγος
348 3289 411 3356 τοῦ
430 3283 525 3368 θεοῦ,
557 3278 702 3364 Ἰωάννης
725 3283 743 3352 ὁ
771 3279 974 3363 Βαπτιστῆς
1000 3286 1085 3379 φησι
1114 3281 1190 3379 περὶ
1217 3283 1327 3354 αὐτοῦ·

174 3507 349 3566 sumserunt
369 3499 445 3565 illud
465 3499 517 3586 qui
538 3507 613 3566 ente
632 3498 818 3563 amiserant:
842 3519 898 3583 per
917 3497 1126 3584 operationem
1147 3498 1329 3563 ostendente

174 3603 333 3688 propheta,
349 3603 432 3688 quod
450 3602 574 3666 firmum
593 3603 720 3666 verbum
742 3599 814 3678 Dei,
830 3601 911 3687 quod
932 3622 987 3686 per
1006 3599 1123 3685 lignum
1137 3599 1330 3686 negligenter

173 3703 384 3780 amiseramus,
399 3723 457 3766 nec
476 3703 716 3780 inveniebamus,
731 3701 884 3787 recepturi
900 3723 1038 3766 essemus
1056 3701 1169 3766 iterum
1183 3722 1237 3786 per
1251 3699 1328 3788 ligni

174 3803 415 3889 dispositionem.
463 3804 616 3886 Quoniam
639 3813 744 3870 autem
764 3803 864 3868 securi
887 3803 1015 3868 ⁶similis
1036 3811 1085 3867 est
1107 3803 1233 3866 verbum
1255 3801 1327 3882 Dei,

174 3903 199 3968 J
201 3904 337 3970 ohannes
364 3903 509 3991 Baptista
533 3905 579 3970 ait
608 3906 647 3972 de
673 3927 728 3972 eo:
752 3905 830 3970 Jem
855 3915 957 3970 cedem
982 3905 1095 3972 securis
1122 3905 1168 3969 ed
1191 3904 1328 3970 redicem
1341 3932 1442 3974 uetur.
1455 3935 1488 3975 ιο.

223 4121 233 4153 ²
250 4119 383 4183 mair'eete,
399 4121 462 4181 Ara,
475 4121 562 4170 Mnno.
582 4133 612 4170 11.
647 4121 726 4170 mani
825 4118 997 4170 ’medenti
1011 4127 1164 4182 peecatomm
1181 4122 1285 4186 missing
1301 4124 1326 4172 in

167 4203 268 4268 fertum,
286 4203 378 4264 Voss,
398 4208 425 4252 to
442 4203 525 4252 which
541 4203 640 4252 (ium
663 4203 726 4253 adds
774 4201 819 4250 the
829 4202 881 4251 Au.

171 4294 212 4336 est.
250 4286 304 4335 But
320 4285 381 4334 with
399 4286 513 4348 quontem
528 4284 662 4348 following,
681 4285 725 4334 tha
824 4282 903 4334 ’Art
917 4284 1029 4347 inputet.

173 4369 255 4417 Greek
272 4367 414 4433 compound
427 4367 536 4427 δηλονότι
552 4367 573 4416 is
590 4366 723 4428 indicated,
823 4364 834 4396 ⁴
850 4363 878 4414 tt
888 4365 992 4414 omitted
1004 4366 1030 4414 in
1041 4365 1093 4414 An.
1115 4365 1148 4415 ib.
1157 4367 1281 4430 proptera.

172 4450 223 4498 and
243 4465 294 4516 any
319 4449 459 4500 accidente]
480 4449 553 4498 mark
569 4464 629 4497 over
650 4449 725 4498 thee
823 4445 945 4495 ‘similia
979 4447 1032 4495 'l'hc
1048 4447 1121 4496 usual
1142 4448 1203 4498 faire
1222 4451 1327 4499 concord

172 4526 232 4574 final
244 4527 324 4577 would
337 4529 395 4592 gire
405 4527 454 4577 rire
470 4530 497 4576 to
513 4527 556 4576 the
572 4526 645 4575 other
656 4525 724 4575 read·
773 4525 861 4576 mieled
878 4527 922 4574 the
938 4529 988 4576 An.
1008 4529 1164 4590 transcribe,
1178 4531 1233 4580 who
1250 4535 1327 4579 wrote

173 4608 237 4671 inge.
773 4606 1005 4657 meminere
1021 4607 1103 4657 Verbo.
