3334 5070
325 418 368 480 84
734 425 1056 479 ANTUROPOLOGIA

186 607 240 692 appi
248 605 288 690 rp.
392 585 419 646 2.
445 579 517 644 Hoc
533 579 632 665 ipsum
646 577 866 664 interpretatus
878 585 927 642 est
946 575 1072 653 Paulus,
1087 573 1226 640 scribens
1241 573 1281 639 ad
1298 575 1473 640 Romanos:

161 699 311 786 Gpppfflp}
326 684 449 749 Paulus
463 681 624 769 Apostolus
637 682 714 744 Josu
732 681 856 756 Christi,
874 683 883 720 ¹
883 679 1123 766 proedestinatus
1137 678 1172 742 in
1185 676 1389 762 Eoonyelium
1403 675 1476 750 Dei,

164 792 314 874 21¹4}—
326 788 407 876 qaod
413 788 558 874 promisit
566 809 626 873 per
633 785 799 872 prophetas
814 807 880 848 suos
899 787 933 847 io
949 783 1121 868 Scripturis
1134 781 1247 846 mactis
1261 781 1299 845 de
1313 781 1401 844 Filio
1414 801 1477 854 suo,

165 902 313 944 ssew-⁴·
327 892 382 978 qui
394 893 503 974 sactus
528 899 570 954 est
595 889 624 952 ei
650 911 686 953 eu
711 888 820 951 semiue
833 885 945 950 Dauid
967 884 1130 948 secuudum
1157 905 1287 960 comeam,
1314 884 1370 968 qui
1392 903 1478 966 proe-

327 995 496 1058 destinatus
518 1003 560 1058 est
583 993 690 1057 Filius
703 991 767 1055 Dei
792 992 827 1054 in
850 991 961 1054 uirtute
979 1011 1041 1074 per
1055 988 1209 1074 Spiritum
1232 986 1480 1068 sanctificationis

328 1120 365 1162 eo
393 1099 610 1164 rosumeotiono
638 1105 824 1160 mortuorum
855 1093 941 1158 ¹Jesu
972 1091 1086 1158 uomet
1117 1091 1245 1155 Domini
1273 1091 1379 1154 nostri.
1434 1088 1480 1153 Et

165 1211 226 1250 nom.
236 1209 291 1248 Μ-
329 1201 442 1266 iterum
456 1201 497 1265 ad
513 1201 673 1264 Romanos
691 1198 831 1263 scribens
848 1196 887 1262 de
909 1195 1017 1272 lsrael,
1038 1193 1134 1258 dicit:
1162 1193 1295 1272 Quotam
1310 1199 1428 1276 putres,
1452 1201 1480 1254 et

328 1325 365 1367 oe
387 1303 494 1388 quidm
520 1302 657 1367 Ollrietm
678 1300 843 1366 secuudum
864 1319 997 1375 comem,
1022 1297 1140 1383 quiret
1162 1295 1246 1359 Deae
1269 1315 1361 1380 super
1383 1313 1481 1358 ommes

329 1407 499 1471 benedictus
513 1407 548 1469 in
561 1406 685 1470 cuculo.
730 1403 774 1468 Et
790 1404 903 1467 iterum
927 1402 960 1464 in
974 1399 1106 1485 epistola
1121 1421 1190 1485 quae
1213 1406 1262 1463 est
1284 1399 1325 1462 ad
1341 1397 1480 1474 Galatas,

165 1527 211 1565 ⁰01-
221 1528 248 1565 n.
258 1528 276 1570 ι,
285 1527 303 1563 ⁵·
328 1509 392 1573 ait:
427 1509 503 1572 Cum
528 1517 629 1571 autom
653 1507 735 1571 osuit
757 1505 920 1591 plenitudo
949 1504 1100 1588 temporis,
1131 1504 1216 1567 misit
1243 1503 1331 1566 Deam
1358 1501 1483 1566 Filiam

328 1632 425 1689 mam,
453 1612 589 1695 'sactum
614 1633 651 1675 eu
676 1609 810 1685 muliero,
828 1609 955 1691 saetam
976 1605 1029 1671 ml
1053 1605 1124 1691 leue,
1148 1615 1182 1670 ut
1204 1627 1250 1670 eos
1272 1606 1326 1691 qm'
1347 1603 1401 1670 ml
1423 1605 1483 1690 lopo

330 1723 418 1780 erunt
430 1713 599 1790 redimeret,
615 1721 649 1776 ut
663 1711 854 1798 adoptionem
862 1709 1097 1796 peroipriomm:
1121 1710 1285 1774 manifeste
1302 1709 1483 1796 significans

329 1838 427 1880 unum
449 1815 574 1901 quidem
598 1813 713 1890 Deum,
736 1812 788 1899 qui
811 1834 867 1898 per
888 1811 1057 1898 prophetas
1079 1811 1315 1896 promissionem
1336 1811 1376 1876 de
1399 1810 1482 1875 Filio
1495 1827 1568 1866 cam

330 1916 458 1990 iecerit;
483 1935 580 1979 unum
595 1922 700 1978 autem
717 1913 830 1980 desum
847 1913 1006 1978 Christum
1022 1913 1193 1980 Dominum
1208 1920 1359 1990 nostrum,
1375 1912 1482 1998 quide

330 2018 449 2084 semine
466 2017 570 2082 David
589 2017 758 2083 seeundum
779 2038 849 2082 eam
870 2016 1104 2104 generationem
1128 2038 1197 2102 quae
1219 2024 1331 2080 estex
1356 2015 1480 2090 Muria3

331 2122 414 2186 hunc
436 2121 627 2186 destinatum
644 2120 761 2184 Filium
780 2119 841 2184 Dei
864 2118 889 2182 J
890 2140 978 2184 esum
999 2118 1158 2184 Christum
1181 2118 1214 2182 in
1228 2118 1351 2196 virtute,
1372 2138 1483 2182 secun-

331 2225 406 2290 dum
420 2223 571 2308 Spiritum
587 2221 858 2287 ³sanctificati0nis
876 2245 916 2287 ex
936 2221 1161 2287 resurrectione
1175 2229 1376 2298 mortuorum,
1393 2228 1428 2284 ut
1440 2219 1483 2284 sit

165 2338 210 2376 ⁰⁰¹·
221 2339 235 2377 ¹·
247 2339 276 2384 1⁴»
286 2338 316 2376 ¹⁵2
332 2327 558 2414 primogenitus
578 2327 795 2402 ‘mortuorum
814 2323 1074 2412 quemadmodum
1095 2321 1320 2408 primogenitus
1342 2323 1375 2384 in
1398 2322 1482 2386 omui

332 2431 528 2506 conditione;
554 2429 656 2494 Filius
671 2429 743 2508 Dei,
765 2427 913 2493 Hominis
931 2427 1031 2491 Filius
1050 2426 1161 2502 factus,
1184 2433 1219 2488 ut
1234 2446 1290 2510 per
1304 2445 1374 2488 eum
1388 2425 1483 2509 adop-

332 2534 451 2600 tionem
465 2534 683 2619 percipiamus,
702 2540 846 2617 portante
861 2531 987 2596 homine
1003 2539 1036 2596 et
1050 2529 1192 2616 capiente
1207 2537 1239 2594 et
1258 2527 1484 2614 complectente

333 2635 450 2700 Filium
466 2635 537 2700 Dei.

398 2741 429 2801 3.
464 2737 598 2820 Propter
612 2737 671 2799 hoc
687 2743 719 2798 et
736 2736 865 2798 Marcus
874 2735 938 2798 ait:
963 2735 1096 2798 Initium
1105 2734 1272 2820 anapolii
1280 2733 1354 2798 Jeou
1369 2733 1485 2798 Otrmt

332 2839 419 2903 Filii
444 2839 516 2916 Dei,
539 2838 791 2922 quaemadmodum
812 2839 958 2924 torpetem
988 2849 1030 2904 est
1058 2839 1093 2902 im
1122 2839 1308 2925 ⁵proplretis:
1333 2861 1429 2901 unum
1451 2847 1483 2902 et

333 2941 465 3005 eundem
491 2939 594 3003 sciens
621 2939 739 3003 Filium
769 2939 830 3004 Dei
860 2940 972 3005 Jesum
1004 2941 1173 3018 Christum,
1197 2940 1250 3026 qui
1278 2961 1298 3003 a
1324 2939 1484 3024 prophetis

169 3063 287 3104 aaran
332 3041 536 3106 annuntiatus
550 3048 609 3114 est,
625 3041 677 3125 qui
693 3063 732 3106 ex
756 3041 858 3107 fructu
879 3043 996 3108 ventris
1015 3043 1117 3108 David
1140 3039 1336 3116 Emmanuel,
1362 3039 1484 3124 “magni

167 3163 305 3202 ιιωιιιιι.
333 3143 453 3208 consilii
472 3143 578 3207 Patris
599 3145 734 3224 nuntius,
757 3167 813 3232 per
834 3168 927 3233 quem
949 3147 1037 3211 ⁷oriri
1060 3145 1135 3210 iecit
1150 3144 1238 3208 Deus
1259 3142 1363 3206 domui
1380 3141 1482 3207 David

331 3372 357 3420 in
369 3370 411 3418 the
423 3370 505 3420 Greek
516 3371 559 3420 tho
575 3371 706 3422 alteration
721 3374 749 3422 oi
762 3375 847 3424 otinto
859 3377 884 3424 tr
931 3375 1049 3438 agree'mg
1065 3389 1092 3420 as
1109 3371 1169 3435 they
1184 3371 1217 3420 do
1234 3371 1260 3419 in
1277 3371 1320 3420 tho
1335 3372 1483 3422 translation

330 3453 412 3502 would
423 3453 454 3502 bo
466 3454 588 3504 involved.
933 3458 1015 3517 πατὴρ
1026 3455 1114 3503 αἰῶνος.
1139 3453 1206 3502 That
1217 3453 1260 3502 the
1271 3454 1361 3504 Princo
1368 3456 1396 3504 ol
1404 3456 1483 3504 Paace

380 3534 390 3566 ¹
404 3537 576 3598 rpompmplros
586 3537 626 3584 sor
637 3538 806 3600 temptantum.
824 3537 884 3586 Jem
931 3535 1020 3584 should
1030 3536 1061 3582 be
1072 3534 1166 3582 tarmed
1175 3535 1310 3598 absolutely,
1326 3536 1484 3586 maure-tau-

332 3618 425 3669 curtati
435 3617 468 3667 D.
481 3635 505 3668 a.
520 3619 571 3668 also
583 3620 753 3669 addedintho
765 3621 819 3684 Syr.
931 3617 976 3679 inp
994 3616 1091 3676 Fothor,
1111 3621 1195 3680 grates
1217 3633 1285 3682 upon
1305 3619 1348 3668 the
1366 3620 1483 3683 religione

303 3691 305 3698 ’
378 3697 501 3747 ’Garun
516 3700 685 3748 readsnotam
695 3701 802 3749 without
818 3699 883 3748 suffi·
930 3715 1001 3748 sense
1008 3715 1014 3758 ;
1032 3699 1078 3746 but
1089 3699 1145 3747 that
1156 3699 1308 3762 relatioelpto
1320 3715 1349 3748 ιι
1357 3701 1387 3750 he
1396 3701 1484 3750 should

329 3779 396 3828 cient
406 3781 542 3844 authority.
562 3780 671 3841 Onnum,
679 3781 824 3840 Au.‚VosS.
833 3779 883 3828 aud
931 3780 962 3828 bo
973 3779 1055 3844 styled
1066 3781 1108 3828 the
1119 3781 1210 3830 Fathcr
1220 3781 1360 3844 ofetemity,
1374 3799 1401 3832 as
1409 3783 1485 3846 being

330 3861 418 3909 Manu.
436 3873 454 3910 1.
471 3861 535 3910 have
546 3861 661 3924 foetum·
677 3862 720 3910 tha
736 3861 790 3910 best
804 3860 880 3910 MSS.
931 3861 969 3912 tlte
977 3878 1037 3925 moy,
1050 3861 1088 3911 tlte
1098 3863 1170 3923 trmth,
1181 3863 1233 3912 aad
1243 3863 1280 3913 tlte
1291 3863 1342 3926 life,
1354 3881 1440 3914 causes
1451 3881 1484 3913 no

329 3941 358 3990 of
367 3941 410 3990 the
421 3941 455 3991 N.
468 3941 497 3991 T.
510 3942 562 3990 also
573 3941 632 3990 read
643 3943 777 4002 γενόμενον.
932 3945 993 3994 such
1015 3945 1100 3994 shock.
1134 3945 1162 3996 It
1183 3946 1205 3994 is
1226 3947 1273 3995 but
1296 3962 1311 3995 a
1333 3963 1394 4011 very
1412 3947 1484 3996 usual

378 4021 439 4072 'So
461 4024 504 4072 the
523 4026 574 4073 As.
593 4039 620 4072 as
640 4023 667 4072 in
686 4025 730 4071 the
752 4025 883 4088 scriptural
932 4023 1098 4076 Orientahsm.
1138 4026 1265 4076 Inuuuus
1289 4027 1414 4091 evidently
1439 4027 1485 4076 felt

329 4103 881 4168 quotation;butOuuun.‚Voss.,ounctimtis.
931 4122 1000 4156 some
1016 4108 1078 4156 such
1093 4107 1222 4173 difficulty,
1239 4107 1278 4157 for
1290 4109 1442 4168 aitmvvmds,
1456 4125 1482 4173 p.

377 4185 388 4214 ⁴
405 4185 449 4232 Cu.
463 4186 536 4234 omits
547 4187 591 4234 the
602 4189 662 4234 next
673 4186 742 4235 three
753 4186 840 4237 words.
933 4203 945 4236 e
949 4202 981 4250 50
992 4189 1050 4250 Ga,
1069 4189 1100 4239 he
1115 4191 1215 4240 renders
1228 4191 1271 4240 the
1285 4191 1367 4240 words
1377 4207 1405 4240 so
1416 4207 1443 4239 as
1456 4197 1484 4240 to

377 4262 388 4294 ⁶
406 4263 451 4312 See
461 4281 487 4328 p.
498 4281 537 4328 49,
552 4283 577 4315 n.
587 4281 609 4316 ι.
931 4269 990 4320 bear
1003 4271 1046 4320 tha
1062 4272 1210 4320 translation
1227 4271 1326 4320 decom
1340 4272 1423 4334 aperie,
1443 4271 1483 4320 de-

376 4341 514 4404 6μεγάλης
538 4348 627 4406 βουλῆι
650 4349 763 4409 ἄγγελος,
792 4349 879 4399 LXX.
931 4352 1014 4416 riving
1036 4351 1088 4401 ’ΞΝ
1110 4353 1175 4400 irum
1199 4351 1261 4401 una
1283 4360 1306 4400 to
1328 4352 1411 4414 dmin,
1434 4353 1484 4402 and

327 4424 381 4472 Tho
392 4423 481 4474 LXX.
493 4425 582 4473 renna
593 4427 630 4486 'ul
643 4427 702 4489 Ἢ,
717 4431 751 4492 hy
762 4433 811 4490 atu
822 4433 878 4494 γὰρ,
930 4433 1062 4497 rendering
1073 4434 1111 4492 Ἰν
1122 4449 1150 4481 as
1161 4435 1258 4498 though
1274 4436 1295 4484 it
1310 4451 1373 4484 were
1385 4435 1484 4484 mitten

329 4504 359 4554 Ε.
372 4503 406 4553 V.
430 4503 467 4552 ete
488 4505 639 4570 Eumlostiay
662 4509 756 4558 Fortiter.
794 4511 879 4560 Surum.
932 4512 985 4572 tuo,
1000 4529 1034 4561 an
1044 4513 1154 4575 objectos
1162 4513 1253 4576 terme

327 4583 378 4636 and
395 4583 494 4634 maon.
511 4599 553 4632 are
569 4587 643 4635 much
659 4592 686 4636 to
702 4589 732 4636 be
748 4590 878 4652 preferred,
978 4593 990 4628 7
1007 4593 1042 4644 Is.
1053 4594 1095 4643 xli.
1108 4608 1134 4644 a:
1152 4594 1210 4670 ΡἹΣ
1227 4597 1321 4672 immi)
1341 4597 1407 4661 ’1Ἥῇ
1424 4597 1457 4660 Ὦ

1181 4699 1198 4742 ἱ
