3270 5080
286 437 352 501 192
698 451 799 504 FlNlS
824 449 1021 504 PRAECEPTI

146 620 248 706 ¹¹¹⁸·fflv'
286 616 314 672 ot
337 607 463 694 didicero
486 631 563 685 cum,
581 617 610 672 et
628 609 744 672 servire
764 607 895 671 Domino
920 606 985 670 Doo
1010 613 1060 670 too
1078 626 1115 668 cc
1137 611 1195 667 toto
1215 600 1304 666 corde
1326 607 1385 674 too,
1410 604 1439 660 ot

152 677 246 800 ‘ffli-
286 733 324 775 eo
348 721 409 776 toto
438 711 545 776 animo
569 709 649 776 tua?
695 709 777 776 Haec
800 718 906 775 autem
935 707 1103 795 gloriosum
1129 704 1254 793 quidem
1282 700 1438 766 iaciebant

133 805 259 890 Ἢν·
286 813 454 892 hominem,
476 813 523 877 ¹id
538 813 621 900 quod
635 813 742 878 deerat
761 811 791 878 ei
805 810 1029 897 'adimplentim
1050 808 1082 873 id
1103 817 1152 873 est
1166 804 1336 872 amicitiam
1352 801 1435 876 Dei;

122 928 272 1009 Rom
287 915 357 981 Deo
371 925 477 982 autem
490 917 699 1004 tpraestabant
713 915 809 978 nihil:
829 935 888 979 nec
902 913 985 978 enim
1001 912 1160 999 indigebat
1173 909 1260 972 Deus
1274 904 1438 970 dilectione

286 1018 433 1086 hominis.
477 1019 595 1084 Deerat
617 1027 723 1084 autem
752 1017 870 1082 homini
891 1016 990 1104 gloria
1016 1015 1088 1094 Dei,
1116 1035 1209 1101 quam
1237 1009 1321 1075 nullo
1346 1007 1439 1072 modo

285 1131 409 1208 poterat
423 1122 589 1209 percipeoe,
605 1121 664 1186 nisi
675 1143 731 1208 per
744 1144 813 1186 eam
829 1119 1073 1205 obsequentiam,
1088 1138 1158 1204 quae
1173 1123 1222 1180 est
1233 1135 1309 1200 erga
1323 1113 1438 1178 Deum.

122 1239 244 1328 Pffiffl
287 1225 333 1290 Et
347 1236 472 1312 propter
486 1226 545 1292 hoc
566 1226 678 1290 iterum
695 1225 824 1312 Moyses
837 1223 883 1288 ait
899 1224 964 1299 eis;
989 1221 1080 1307 Eliyo
1094 1221 1198 1295 ouem,
1217 1227 1252 1282 ut
1265 1217 1351 1280 vicos
1365 1225 1398 1280 tu
1412 1223 1440 1279 et

145 1314 153 1335 ’
285 1350 382 1392 semen
400 1338 495 1404 tuum,
515 1327 642 1414 dilipcre
660 1327 826 1391 Dominum
844 1327 945 1390 Deum
965 1334 1061 1401 tuum,
1082 1321 1232 1388 exaudire
1248 1342 1346 1384 uocem
1365 1318 1438 1403 ejas,

287 1441 315 1495 ot
339 1431 564 1518 apprehendero
590 1453 677 1495 eom:
709 1431 851 1516 quonlam
879 1429 943 1493 doec
972 1438 1012 1493 est
1041 1427 1105 1492 cito
1135 1437 1199 1504 tuo,
1229 1434 1257 1488 ot
1286 1423 1440 1508 lonpitudo

287 1535 408 1600 dierum
431 1543 561 1598 tuorum
605 1535 644 1598 ln
670 1555 763 1619 quam
785 1533 880 1598 vitam
902 1540 1090 1618 praestrucns
1109 1528 1276 1604 hominem,
1300 1525 1439 1612 decalogi

287 1637 429 1722 ³quidem
451 1637 544 1701 verba
566 1636 633 1722 ipse
659 1635 935 1722 persemetipsum
958 1634 1101 1700 omnibus
1122 1632 1264 1698 similiter
1285 1629 1441 1695 Dominus

288 1739 409 1804 locutus
423 1747 489 1803 est:
514 1747 547 1803 et
560 1737 629 1803 ideo
644 1738 785 1803 similiter
799 1744 980 1823 permanent
997 1737 1080 1822 apud
1093 1757 1160 1813 nos,
1179 1733 1393 1798 extensionem
1407 1740 1441 1796 et

287 1849 499 1927 augmentum,
514 1841 570 1906 sed
590 1863 651 1906 non
670 1840 903 1904 dissolutionem
923 1838 1107 1925 accipientia
1126 1859 1181 1923 per
1198 1835 1352 1902 carnalem
1373 1834 1441 1920 ejus

287 1944 465 2009 adventum.
493 1943 657 2008 servitutis
670 1952 776 2008 antem
786 1951 942 2029 precepta
950 1940 1117 2028 separatim
1132 1963 1187 2027 per
1201 1940 1347 2026 Moysem
1361 1961 1441 2024 pree·

289 2047 371 2133 cepit
385 2045 509 2132 populo,
529 2054 603 2132 apta
622 2045 743 2111 illorum
763 2045 937 2124 eruditioni,
958 2045 1039 2110 ⁴sivc
1053 2045 1272 2132 castigationi;
1294 2042 1441 2130 quemad·

289 2150 414 2215 modum
437 2149 503 2235 ipse
524 2149 654 2236 Moyses
675 2149 737 2215 ait:
761 2149 808 2213 Et
828 2150 904 2214 mili
917 2151 1067 2240 proecepit
1085 2151 1237 2214 Dominus
1258 2151 1292 2212 in
1313 2157 1442 2234 temporo

288 2251 351 2330 ilb,
370 2252 471 2316 dicero
490 2249 569 2316 vodis
581 2252 812 2336 justificationes
829 2261 857 2316 et
867 2253 1005 2335 judicio.
1050 2252 1132 2317 Haec
1149 2274 1223 2338 ergo
1243 2273 1314 2337 quae
1332 2251 1365 2314 in
1378 2271 1442 2314 ser·

289 2355 430 2431 vitutem,
445 2363 478 2422 et
493 2355 524 2419 in
538 2355 663 2442 siguum
678 2355 752 2420 data
761 2364 835 2420 sunt
846 2355 916 2435 illis,
928 2355 1186 2441 ⁵circumscripsit
1199 2377 1278 2420 novo
1289 2354 1442 2420 libertatis

289 2466 487 2528 testamento.
533 2459 611 2540 Quae
640 2467 746 2523 autem
772 2459 934 2538 naturalia,
961 2469 993 2525 et
1025 2459 1172 2538 liberalia,
1205 2468 1238 2525 et
1267 2457 1443 2524 communia

289 2560 437 2640 omnium,
453 2561 541 2626 auxit
555 2569 589 2625 et
603 2559 752 2640 dilatavit,
767 2561 835 2626 siue
850 2561 964 2628 invidia
977 2563 1121 2650 ⁶largiter
1132 2563 1252 2629 donans
1266 2563 1443 2629 hominibus

290 2685 345 2748 per
370 2663 578 2748 adoptionem,
608 2663 736 2729 Patrem
764 2665 843 2728 scire
869 2665 983 2742 Deum,
1009 2675 1042 2730 et
1068 2665 1194 2754 diligere
1217 2689 1290 2732 eum
1313 2689 1353 2732 cx
1374 2674 1443 2730 toto

290 2766 393 2844 corde,
414 2776 445 2831 ct
465 2765 533 2830 sine
547 2765 753 2831 'aversatione
768 2767 855 2853 sequi
872 2769 940 2853 ejus
957 2767 1109 2847 Verbum,
1130 2792 1193 2836 non
1209 2779 1334 2835 tantum
1347 2769 1444 2835 absti-

291 2877 401 2933 nentes
420 2869 543 2933 amalis
563 2869 802 2956 operationibus,
824 2869 988 2934 sedetiam
1009 2893 1029 2936 a
1048 2871 1307 2958 concupiscentiis
1326 2893 1444 2938 esrum.

290 2969 394 3034 Auxit
401 2979 507 3036 autem
518 2970 631 3036 ⁸etiam
643 2971 785 3036 timorem
797 2994 805 3034 z
828 2970 909 3036 filios
919 2971 1002 3035 enim
1013 2971 1082 3056 plus
1093 2972 1202 3037 timere
1217 2981 1339 3057 oportet
1351 2994 1445 3058 quom

291 3094 405 3152 servos,
421 3082 454 3138 ct
468 3074 617 3160 majorem
631 3074 829 3140 dilectionem
843 3073 957 3137 habere
972 3069 1003 3136 in
1018 3082 1149 3159 patrem.
1186 3075 1230 3138 Et
1244 3083 1370 3160 propter
1383 3073 1444 3140 hoc

127 3196 187 3236 nm.
197 3194 272 3234 xum
291 3176 336 3241 ait
351 3175 524 3242 Dominus:
550 3177 675 3242 Ommm
686 3197 852 3243 sermonen
869 3176 993 3240 otiosum
1007 3198 1092 3262 quom
1107 3175 1199 3241 locuti
1209 3179 1337 3261 fuerint
1349 3177 1444 3242 domi-

129 3292 189 3332 unc
199 3301 219 3330 v·
228 3291 258 3330 2⁸·
292 3301 351 3358 ooo,
367 3279 495 3344 reddeat
501 3301 563 3366 pro
577 3301 610 3344 co
620 3279 767 3345 rationem
781 3279 816 3341 in
829 3277 879 3342 die
885 3277 1006 3361 judicii
1013 3301 1024 3350 ,·
1041 3285 1083 3356 et,
1095 3279 1150 3364 qui
1162 3280 1276 3346 viderit
1288 3280 1445 3345 moliorem

293 3382 339 3447 od
357 3382 622 3469 concupiscendum
643 3403 720 3460 mm,
735 3381 807 3466 piem
821 3380 982 3444 moeodatus
996 3389 1037 3446 cst
1057 3403 1124 3444 com
1137 3383 1280 3470 iocorde
1302 3407 1376 3459 cem
1400 3393 1444 3462 et,

130 3502 259 3543 mets
294 3488 348 3572 qui
362 3489 510 3553 irascitur
515 3485 623 3572 fratri
636 3485 783 3548 sco⁹sioc
796 3505 899 3560 occsa,
916 3505 986 3548 reue
1007 3485 1066 3548 orit
1080 3484 1222 3569 judicio:
1248 3495 1284 3552 ut
1298 3488 1444 3566 sciamus,
1482 3511 1487 3520 ·

295 3591 440 3677 quoniam
459 3611 522 3655 non
545 3587 646 3653 solum
667 3586 819 3651 sactorum
838 3585 1003 3650 reddemus
1025 3587 1177 3652 rationem
1192 3589 1274 3669 Deo,
1294 3599 1329 3657 ut
1343 3589 1443 3667 servi3

344 3740 354 3772 ¹
371 3742 449 3790 ταῦτα
457 3742 484 3790 δὲ
495 3741 587 3799 ἔνδοξον
598 3737 697 3796 ἐποίησε
707 3735 748 3784 τὸν
760 3737 846 3798 ἄνθρω-
897 3733 1305 3800 eruditionemdoclocosipnidoore
1312 3739 1446 3792 vidcbmtw.

296 3840 349 3882 nor,
372 3825 400 3871 τὸ
422 3823 556 3886 ὑστέρησαν
575 3820 641 3881 αὐτῷ
660 3819 846 3880 ἐπιπληροΐυτα,
896 3818 999 3867 Gasas.
1029 3817 1081 3866 The
1095 3817 1196 3868 Ossan.
1215 3820 1268 3870 also
1285 3823 1360 3871 omits
1378 3823 1449 3871 these

296 3905 408 3952 τούτεστι
427 3906 471 3964 τὴν
490 3905 534 3952 τοῦ
555 3903 618 3952 θεοῦ
640 3901 761 3963 φιλότητα
770 3935 845 3950 ......
896 3905 946 3949 two
958 3899 1046 3951 words.
1074 3901 1154 3951 There
1164 3919 1275 3968 appears,
1285 3906 1406 3966 however,
1421 3911 1449 3955 to

301 3989 427 4050 Τστέρησε
440 3989 489 4048 γὰρ
501 3987 624 4049 ἅνθρωπος
637 3986 680 4044 τῆς
696 3984 739 4032 τοῦ
749 3983 811 4031 θεοῦ
826 3983 846 4030 δ.
897 3981 927 4031 be
942 3998 1011 4031 room
1024 3983 1050 4031 in
1065 3983 1108 4031 the
1121 3989 1223 4034 context
1233 3987 1272 4034 for
1285 3987 1347 4036 both
1357 3987 1446 4046 vome,

346 4069 541 4134 ²odimplemb.
584 4070 616 4119 So
644 4068 759 4118 Smsasrt
786 4067 849 4115 from
897 4064 1030 4114 eruditioni
1046 4065 1166 4131 applying
1182 4073 1209 4116 to
1227 4071 1383 4130 δικαιώματα,
1399 4071 1450 4119 and

297 4155 341 4203 the
349 4153 430 4204 Voss.
443 4153 489 4202 bnt
503 4154 546 4202 the
558 4153 602 4202 On.
619 4158 640 4201 ct
655 4148 847 4212 udintplaeudum.
898 4143 1050 4205 mipatioci
1066 4148 1092 4193 to
1110 4147 1204 4206 κρίσεις.

297 4235 360 4294 Aa„
381 4235 476 4283 Gaasa
497 4233 547 4283 and
567 4233 653 4282 Mass.
674 4228 848 4294 stupentia.
946 4223 1169 4288 Wroumfflpsit.
1183 4243 1259 4292 sesp.
1272 4243 1312 4289 40,
1326 4245 1352 4280 n.
1366 4231 1390 4281 8.
1503 4265 1510 4278 .

297 4316 349 4364 sn.
361 4315 413 4364 uso
425 4315 469 4364 hu
476 4316 614 4376 pmcne.
947 4304 958 4337 ⁸
974 4307 1081 4369 brom.
1094 4307 1160 4370 clos
1172 4323 1203 4356 on
1216 4310 1331 4370 mecm.

347 4395 358 4428 ³
374 4398 426 4447 Aa.
439 4397 514 4446 omits
525 4397 629 4460 quidem.
948 4387 959 4420 ⁷
976 4387 1030 4442 Gn..
1042 4387 1122 4438 Voss.
1136 4389 1305 4442 adoneum

347 4481 358 4511 ⁴
374 4482 427 4528 sive
443 4479 609 4541 castigationi.
644 4479 706 4528 Hoc
721 4477 807 4526 dmnt
823 4475 852 4524 in
948 4470 959 4503 ⁸
976 4471 1009 4519 So
1028 4469 1072 4518 the
1090 4468 1167 4519 MSS.
1204 4471 1252 4520 Gr.
1272 4481 1311 4530 d,-
1335 4475 1451 4528 Quane

306 4562 369 4612 Voss.
382 4568 403 4611 ot
408 4560 475 4624 sorte
485 4558 574 4608 addito
585 4567 641 4606 matt
652 4575 669 4606 α
679 4558 803 4621 quopiam,
811 4557 853 4606 cul
899 4551 1046 4614 incorrectly
1056 4565 1113 4613 says
1123 4549 1180 4598 that
1190 4551 1221 4601 hc
1232 4553 1341 4606 dicem
1352 4557 1380 4608 it,

299 4659 344 4693 vox
360 4643 468 4693 παιδείας
481 4639 670 4702 waradonem
681 4637 764 4700 potius
780 4653 854 4700 pesam
948 4631 959 4665 ⁹
976 4632 1057 4696 Scep.
1074 4633 1126 4690 181,
1140 4648 1165 4684 n.
1179 4648 1199 4684 1.
