3276 5086
503 485 670 539 Mnemon
694 485 927 539 axromuua.
1234 469 1299 534 341

147 642 255 702 antem
269 636 419 724 ungulam
433 637 597 724 duplicem,
622 645 655 703 et
674 638 743 724 ipsa
762 638 931 717 immunda,
955 637 1023 703 haec
1046 638 1070 702 J
1072 638 1231 703 udaeorum
1251 645 1301 704 est
1317 655 1457 738 tmpus

148 737 324 826 imaginalis
346 739 531 824 descriptio:
564 740 617 826 qui
644 741 770 826 quidem
796 741 919 826 eloquia
945 741 1007 806 Dei
1033 741 1066 806 in
1095 763 1148 806 ore
1173 741 1299 819 habent,
1344 746 1463 832 lpslgpll

151 841 375 907 ¹stabilitatem
390 851 497 906 autem
511 842 625 907 radicis
639 865 704 907 suae
719 865 782 908 non
797 842 932 931 infigunt
946 844 980 908 in
996 845 1092 909 Patre
1107 851 1140 908 et
1155 844 1187 906 iu
1202 843 1298 908 Filio:
1317 839 1462 923 2¹¹²}-

150 951 276 1030 propter
289 943 349 1008 hoc
363 953 469 1008 autem
486 952 519 1008 et
539 943 690 1009 lubricum
705 953 754 1010 eat
767 967 867 1032 genus
888 946 1036 1030 ipsorum.
1082 945 1210 1010 Etenim
1232 967 1302 1032 quae

150 1053 225 1109 sunt
236 1046 329 1110 unius
343 1045 468 1132 ungulae
482 1045 630 1110 animalia
650 1045 740 1111 facilc
757 1045 923 1122 labuntur;
947 1047 1086 1112 firmiora
1105 1055 1212 1111 autem
1227 1053 1302 1112 sunt

151 1169 221 1233 quae
247 1148 401 1232 duplicem
427 1147 577 1234 ungulam
606 1147 731 1226 habent,
757 1149 995 1214 succedentibus
1020 1149 1152 1214 invicem
1177 1149 1302 1234 ungulis

151 1249 233 1314 fissis
247 1249 417 1314 secundum
429 1250 499 1328 iter,
512 1257 545 1314 et
559 1249 658 1314 altera
669 1251 1028 1337 ungula²subbaju1ante
1039 1250 1143 1314 aliam.
1162 1251 1301 1314 immuu-

151 1351 192 1416 da
211 1360 319 1417 autem
342 1351 495 1431 similiter,
516 1374 586 1437 quae
608 1351 763 1436 duplicem
782 1353 908 1440 quidem
923 1353 1071 1439 ungulam
1089 1353 1215 1432 habent,
1239 1375 1302 1418 uon

150 1461 257 1519 autem
271 1453 446 1519 ruminant:
470 1453 539 1520 haec
560 1459 627 1519 ³est
647 1463 754 1518 autem
775 1454 913 1520 omnium
928 1455 1070 1520 videlicet
1085 1456 1302 1520 haereticorum

152 1557 298 1634 ostensio,
319 1564 351 1620 et
368 1579 476 1622 eorum
498 1557 551 1644 qui
574 1579 637 1622 uon
654 1557 845 1622 meditantur
864 1558 986 1642 eloquia
1001 1557 1073 1636 Dei,
1090 1581 1189 1644 neque
1204 1559 1302 1644 operi·

151 1660 210 1723 bus
220 1659 352 1743 justitiae
365 1659 564 1739 adornantur,
580 1660 692 1745 quibus
707 1668 740 1725 et
754 1660 909 1725 Dominus
923 1660 986 1724 ait:
1014 1660 1099 1740 Quin
1110 1663 1187 1726 milri
1198 1661 1304 1726 dicitis
1316 1677 1366 1718 tue·
1375 1679 1402 1717 u·
1411 1679 1441 1717 m

152 1761 283 1826 Domine
296 1761 436 1840 Dormire,
456 1771 484 1827 et
506 1783 565 1826 non
578 1763 693 1847 facitis
716 1785 784 1848 qnoe
804 1764 870 1826 dico
893 1761 998 1827 nobie?
1044 1763 1106 1844 Qui
1124 1761 1207 1828 enim
1229 1773 1304 1829 sunt

151 1863 240 1941 tales,
260 1863 292 1926 in
312 1864 440 1929 Patrem
462 1864 586 1950 quidem
605 1872 638 1929 et
665 1865 782 1929 Filium
806 1865 914 1930 dicunt
934 1886 969 1930 ae
991 1866 1126 1943 credere,
1142 1887 1304 1952 nunquam

151 1973 256 2029 autem
286 1965 475 2030 meditantur
500 1966 622 2050 eloquia
649 1966 721 2044 Dei,
751 1966 1011 2052 quemadmodum
1041 1975 1173 2052 oportet,
1203 1991 1304 2053 neque

149 2066 280 2154 justitiae
309 2067 454 2153 operibus
480 2077 555 2132 sunt
579 2068 742 2143 adornati,
775 2068 841 2147 aed,
872 2069 1133 2152 quemadmodum
1159 2071 1304 2154 praedixi-

154 2192 233 2248 mus,
250 2192 412 2257 porcorum
430 2179 463 2236 et
478 2193 591 2236 canum
605 2179 819 2236 assumserunt
833 2172 939 2249 vitam,
956 2171 1160 2236 immunditiae
1175 2182 1207 2238 et
1221 2172 1303 2259 gulae

153 2281 186 2338 et
200 2273 325 2358 reliquae
340 2273 466 2338 incuriae
479 2275 664 2359 semetipsos
675 2275 843 2338 tradentes,
881 2273 905 2337 J
908 2283 977 2338 uste
988 2273 1084 2360 igitur
1095 2275 1173 2338 tales
1186 2297 1302 2354 omues,

153 2376 205 2462 qui
229 2385 355 2462 propter
385 2399 473 2441 suam
505 2375 752 2441 incredulitatem
775 2383 807 2440 et
830 2375 984 2438 luxuriam
1006 2396 1069 2440 nou
1091 2376 1305 2461 adipiscuntur

152 2479 290 2542 divinum
314 2478 474 2563 Spiritum,
498 2486 531 2542 et
553 2477 647 2541 variis
670 2477 901 2542 characteribus
921 2477 1049 2560 ejiciunt
1068 2499 1103 2542 se
1126 2477 1305 2544 *viaticam

154 2579 307 2656 Verbum,
323 2588 355 2643 et
369 2581 402 2642 iu
416 2579 482 2644 suis
496 2579 758 2662 concupiscentiis
772 2578 1022 2642 irrationabiliter
1032 2578 1203 2656 ambulant,
1216 2579 1305 2664 Apo·

152 2683 252 2747 stolus
280 2683 404 2766 quidem
429 2681 569 2746 carnoten
595 2689 629 2746 et
657 2681 806 2746 oninmleu
839 2681 977 2756 vocavit3
1009 2681 1168 2766 prophetae
1199 2690 1449 2783 autemggpp.pr.1⁴‚

149 2787 293 2873 jumenta
307 2793 340 2849 et
354 2786 435 2849 seras
449 2785 613 2858 dixerunt;
638 2783 829 2849 consuetudo
851 2792 956 2847 autem
970 2803 1083 2868 pecora
1097 2791 1129 2848 et
1144 2783 1304 2849 irrationa-
1403 2755 1445 2793 ’ω’

152 2888 199 2954 les
214 2889 416 2974 interpretata
429 2896 497 2964 est3
521 2887 572 2952 lex
587 2895 693 2954 autem
709 2887 885 2952 immundos
899 2885 1082 2952 enuntiavit.

634 3150 735 3217 nAP.
760 3151 825 3216 lx.

154 3299 340 3390 Quomodo
367 3297 619 3396 intellipendns
646 3297 693 3371 m't
720 3298 816 3372 locus
845 3297 1022 3397 Apostoli,
1053 3325 1121 3398 qno
1146 3298 1307 3374 lerant

226 3416 485 3490 abutebantur:
514 3413 611 3488 Coro
628 3425 661 3488 et
678 3413 828 3512 sompnis
853 3415 1023 3514 Repnnm
1040 3413 1117 3488 Dei
1131 3441 1204 3489 non
1220 3441 1305 3514 poa-

226 3531 401 3606 cidebnnt.
492 3535 493 3538 ’

154 3699 183 3760 1.
230 3696 304 3760 Ηοο
319 3704 424 3761 nutem
439 3705 488 3761 est
502 3697 585 3782 quod
599 3705 632 3761 et
646 3696 678 3760 in
691 3695 761 3759 aliis
775 3695 816 3759 ab
832 3695 987 3780 Apostolo
1001 3693 1128 3758 dicitur:
1155 3693 1305 3772 Quoniam
1318 3724 1382 3762 icor.
1391 3733 1426 3762 xv.
1435 3725 1465 3762 m.

152 3821 224 3862 coro
239 3807 267 3862 et
280 3800 402 3883 sanquis
417 3801 554 3884 Repnnm
569 3799 632 3863 Dei
647 3799 831 3862 boereditoro
845 3820 903 3861 non
911 3807 1046 3883 poscunt.
1093 3797 1132 3860 ld
1147 3805 1206 3875 eat,
1222 3797 1305 3883 quod

151 3903 193 3966 ab
213 3900 378 3964 ⁵omuibus
400 3901 554 3967 haereticis
573 3902 727 3986 profertur
748 3899 781 3963 in
802 3899 972 3964 amentiam
991 3921 1090 3978 suam,
1109 3903 1166 3965 ⁰eu
1188 3920 1249 3987 quo
1272 3907 1305 3964 et

201 4093 211 4126 1
229 4093 329 4142 Onnaar.
341 4093 474 4142 erronum.
753 4093 796 4142 the
807 4091 932 4156 suspicion
943 4093 999 4141 that
1007 4093 1057 4142 this
1069 4093 1113 4141 has
1121 4091 1234 4156 replaced
1245 4091 1305 4140 eini-

201 4174 281 4224 'The
292 4179 434 4238 agreement
442 4175 470 4223 of
478 4174 554 4223 MSS.
565 4175 591 4223 in
602 4173 704 4238 reading
748 4172 848 4233 ficantt'r
869 4173 930 4221 with
953 4173 1028 4234 Verbi,
1050 4175 1190 4236 anrweriug
1212 4179 1238 4222 to
1261 4174 1305 4222 tha

150 4254 312 4316 aubbnjnlont,
337 4254 445 4317 justifies
469 4254 514 4302 the
536 4253 654 4318 adoption
678 4254 707 4303 οἰ
754 4252 837 4302 Greek
847 4253 931 4313 idiom,
946 4255 986 4302 rel
1000 4255 1116 4303 ποικίλοις
1129 4255 1203 4302 εἴδεσι
1216 4255 1303 4316 ἐκβάλ-

151 4335 269 4384 Gann'n
285 4335 443 4384 emendation
450 4352 457 4395 ;
474 4334 506 4385 al.
522 4334 662 4397 rutmjnm.
753 4337 836 4384 λουσιν
847 4335 944 4383 ἑαυτούς
954 4336 998 4382 τοῦ
1009 4337 1177 4394 ζωοποιοῦντος
1187 4335 1271 4397 λογον.

199 4414 279 4466 ‘nne
301 4417 402 4467 cmm
427 4417 502 4466 omits
531 4423 569 4476 eet,
592 4432 616 4480 q.
641 4415 704 4476 αὕτη
802 4414 1037 4465 mammona.

151 4495 178 4546 dd
188 4498 285 4546 πάντων
294 4500 375 4558 μέντοι
387 4499 511 4561 αἱρετικῶν
521 4499 622 4558 ἔνδειξις.
803 4493 814 4526 ⁶
830 4496 868 4544 Ex
883 4511 930 4558 qno
939 4531 958 4545 ..
969 4497 1122 4557 ..molera
1148 4502 1244 4562 septem
1259 4498 1305 4547 han

200 4576 358 4640 ⁴oict'fioana.
403 4579 456 4628 The
479 4579 591 4638 (innam,
611 4577 701 4637 Vnam,
754 4591 834 4636 vocer,
851 4576 982 4640 expunctis
999 4583 1020 4625 et
1036 4591 1095 4640 quoe,
1115 4577 1304 4626 restituuntur.

151 4657 218 4708 Van.
233 4659 311 4710 ecda,
327 4660 420 4725 haring
429 4660 583 4722 vivificantes,
601 4658 704 4708 induces
753 4657 844 4707 Nostri
871 4673 970 4721 quoque
997 4658 1068 4706 codd.
1097 4658 1138 4707 hic
1169 4673 1219 4707 non
1246 4662 1307 4706 sunt
