3260 5082
279 316 348 382 404
617 327 764 382 enarum
787 325 1088 380 nrocnnunmom

147 503 200 544 mn.
211 505 237 544 V.

151 561 179 590 xx
190 563 204 590 x
232 583 237 591 .

721 599 822 666 OAP.
846 597 990 664 XXIX.

356 872 483 948 cbm'sti
527 871 631 967 dolis,
675 872 848 973 nequitia,
892 871 931 948 oi
966 871 1172 972 apostatica
1213 896 1239 944 o
1281 866 1431 957 diluuio,

357 1004 389 1066 et
415 991 586 1090 deinceps
603 989 645 1066 io
661 989 832 1079 Ananim,
850 989 999 1065 Azocioe
1022 1003 1055 1065 ct
1072 989 1124 1064 M
1121 985 1245 1064 maelis
1262 1009 1434 1086 persecu-

284 1159 289 1168 ·
355 1107 460 1200 tione,
474 1107 729 1208 pcoefipurota.

283 1279 314 1340 1.
352 1274 489 1340 Onosis
510 1282 617 1340 autem
637 1273 828 1339 reddidimus
846 1271 879 1336 in
900 1271 950 1338 his
969 1271 1022 1357 qui
1043 1279 1117 1337 sunt
1138 1279 1212 1337 ante
1232 1271 1315 1336 huno
1335 1269 1433 1348 libris,

281 1383 409 1464 propter
422 1397 500 1460 quns
513 1396 625 1461 passus
644 1379 710 1440 ¹est
726 1375 814 1439 Dens
833 1374 902 1440 haec
916 1375 962 1438 ita
977 1373 1063 1439 fieri:
1088 1377 1137 1439 ¹et
1151 1373 1343 1440 ostendimus
1358 1395 1435 1458 qno·

281 1477 367 1542 niam
381 1477 486 1544 omnia
499 1500 570 1565 quae
584 1486 658 1542 sunt
671 1476 756 1556 talia,
772 1499 828 1564 pro
843 1499 881 1542 eo
895 1477 948 1565 qui
963 1477 1100 1542 salvatur
1113 1476 1238 1542 homine
1251 1478 1335 1542 facta
1348 1483 1434 1554 aunt,

282 1579 358 1645 illud
378 1581 460 1666 quod
474 1589 523 1647 eat
537 1582 585 1646 sui
599 1581 720 1645 arbitrii
734 1589 767 1646 et
781 1603 846 1645 suae
861 1582 1026 1667 potestatis
1042 1587 1203 1646 maturans
1221 1579 1262 1646 ad
1275 1580 1435 1644 immorta-

281 1683 413 1764 litatem,
429 1692 462 1749 et
475 1683 689 1770 optabiliorem
709 1705 781 1748 enm
799 1683 841 1748 ad
859 1691 1010 1748 aeternam
1029 1685 1253 1770 subjectionem
1271 1683 1341 1747 Deo
1356 1704 1435 1770 prae·

282 1807 407 1874 parans.
455 1786 500 1851 Et
522 1794 648 1873 propter
672 1786 732 1852 hoo
757 1785 894 1852 conditio
916 1787 1081 1852 insumitur
1106 1785 1242 1852 homini:
1265 1785 1436 1852 nonenim

282 1889 376 1955 homo
402 1897 528 1975 propter
552 1889 646 1967 illam,
676 1889 732 1954 sed
760 1887 898 1955 conditio
923 1889 1008 1953 lacta
1036 1897 1085 1954 ost
1112 1895 1238 1976 propter
1266 1887 1435 1952 hominem.

283 1991 403 2057 Gentes
423 2000 530 2056 autem
550 2013 619 2078 quae
641 1999 674 2056 et
695 1991 771 2077 ipsae
793 2011 856 2054 non
876 1989 1085 2056 alienaverunt
1105 1991 1211 2056 oculos
1231 1991 1288 2054 ²ad
1309 1991 1434 2066 coelum,

282 2116 384 2180 nequa
404 2094 525 2182 gratias
548 2101 680 2181 egerunt
701 2093 811 2159 factori
836 2114 903 2171 suo,
927 2114 1026 2178 neque
1047 2093 1152 2157 lumen
1173 2092 1312 2158 veritatis
1330 2093 1435 2158 ridere

282 2199 455 2278 voluerunt,
470 2199 526 2264 sed
540 2197 622 2264 siout
632 2220 737 2264 mures
751 2196 826 2264 oaeoi
837 2195 1011 2263 absconditi
1022 2197 1055 2260 in
1069 2195 1220 2282 profundo
1234 2195 1432 2283 insipientiae,

118 2317 206 2357 mu.
217 2317 245 2357 ¹⁵·
283 2303 382 2389 ³juate
396 2325 498 2369 sermo
518 2311 552 2368 ut
565 2301 758 2369 stillicidium
772 2301 810 2366 de
824 2300 909 2377 codo,
925 2309 952 2364 ct
970 2300 1049 2364 sicut
1064 2307 1242 2364 cucumam
1255 2307 1387 2378 atotcroe,
1402 2307 1435 2365 et
1450 2329 1478 2368 o.
1488 2331 1533 2370 aa

119 2414 173 2454 ⁸⁶¹¹·
182 2415 211 2452 ¹¹·
222 2415 251 2460 ¹⁷·
281 2409 359 2472 sicot
372 2408 453 2473 ciiii
462 2407 641 2494 deputavit;
664 2407 698 2470 in
712 2414 835 2471 tantum
848 2403 941 2468 utiles
955 2410 988 2468 et
1001 2402 1153 2488 aptabiles
1161 2403 1267 2488 justis,
1283 2412 1435 2490 quantum

283 2511 429 2576 utilitatis
442 2520 573 2598 praestat
591 2510 707 2597 stipula
723 2508 765 2574 ad
781 2508 877 2573 tritici
897 2515 1117 2593 augmentum
1141 2515 1175 2571 et
1192 2507 1298 2591 ⁴palea
1316 2506 1384 2592 ejus
1401 2507 1435 2572 in

282 2601 447 2693 ustionem,
463 2615 504 2679 ad
518 2615 728 2701 operationem
747 2613 825 2678 anri.
863 2611 909 2676 Et
922 2619 1085 2697 propterea
1098 2631 1170 2676 oum
1185 2611 1218 2674 in
1232 2611 1295 2677 fine
1308 2621 1436 2697 repento

117 2715 247 2802 iifl-'‘fl'·
284 2717 357 2784 hinc
378 2717 520 2784 Ecclesia
539 2723 750 2783 “assumeturz
772 2715 857 2790 Erit,
878 2713 988 2800 inquit,
1008 2713 1165 2780 tribulatio
1190 2713 1290 2800 poclis
1309 2735 1369 2778 con
1394 2724 1437 2778 ost

275 2823 369 2906 scoto
383 2820 422 2884 ab
435 2820 534 2897 initio,
549 2817 713 2905 mqucfict.
749 2815 944 2882 Novissimus
955 2817 1039 2882 enim
1049 2837 1132 2904 agon
1146 2815 1214 2882 thio
1225 2818 1391 2904 justorum,
1403 2816 1437 2880 in

283 2945 345 3010 quo
359 2923 519 2989 vincentes
533 2929 719 2988 coronentur
732 2918 950 3004 incorruptela.

929 3167 937 3185 .
953 3169 961 3185 .
976 3169 983 3185 .
997 3117 1286 3216 ἀνακεφαλαίωσις
1304 3118 1434 3212 γίνεται

121 3229 241 3314 einim
285 3225 393 3312 πάσης
410 3225 534 3306 ἀδικίας·
552 3227 606 3300 toi
624 3225 750 3304 παντὸς
773 3223 882 3312 δόλου,
904 3229 956 3300 ἵνα
980 3230 1013 3300 ἐν
1040 3229 1129 3321 αὐτῷ
1152 3232 1361 3330 συῤῥεῦσασα
1380 3233 1435 3302 καὶ

285 3345 546 3435 σνγκλεισθεΐσα
576 3345 670 3412 πᾶσα
701 3339 831 3424 δύναμις
859 3341 1073 3425 innovarunt,
1101 3341 1188 3416 κατὰ
1217 3345 1277 3426 τὴν
1301 3340 1437 3428 κάμινον

287 3459 409 3552 ditandi}
437 3461 500 3528 τοῦ
524 3455 635 3555 πυρός.
700 3453 936 3538 Καταλλῆλως
961 3452 1016 3525 cdv
1043 3453 1097 3525 καὶ
1124 3453 1168 3527 τὸ
1198 3457 1302 3541 ὄνομα
1334 3458 1437 3530 αὐτοῦ

351 3683 382 3746 2.
419 3679 464 3745 Et
478 3686 604 3765 propter
618 3679 678 3744 hoo
692 3679 725 3742 in
740 3678 840 3744 bestia
853 3677 994 3744 veniente
1008 3679 1222 3764 recapitulatio
1236 3681 1273 3745 lit
1286 3679 1437 3746 universae

122 3807 271 3857 nomnen.
286 3783 459 3869 iniquitatis
469 3791 502 3848 et
514 3782 615 3848 omnis
626 3781 699 3862 doli,
712 3790 748 3847 ut
759 3783 792 3847 in
807 3803 845 3847 ea
856 3782 1059 3848 confluenset
1070 3782 1217 3848 conclusa
1228 3783 1329 3848 omnis
1339 3781 1438 3848 virtus

285 3887 469 3975 apostatica,
479 3887 512 3951 in
523 3887 679 3952 caminum
688 3887 832 3952 mittatur
839 3886 930 3975 ignis.
951 3887 1164 3974 Congruenter
1172 3895 1277 3953 autem
1285 3894 1317 3952 et
1324 3907 1438 3952 nomen

336 4106 346 4139 ¹
363 4108 416 4157 Aa.
430 4108 504 4158 omits
515 4113 554 4169 at,
566 4105 617 4156 and
628 4107 673 4156 hen
683 4105 839 4156 ostendimus·
888 4107 938 4156 and
948 4109 991 4157 tha
1002 4109 1053 4158 An.
1066 4111 1140 4158 omits
1151 4110 1179 4159 it.

286 4203 337 4251 que,
351 4205 384 4236 an
401 4190 508 4238 unusual
522 4190 588 4239 form
604 4190 666 4239 with
680 4191 723 4239 the
736 4191 839 4240 transla·
936 4188 948 4222 ⁸
964 4191 1014 4240 Aa.
1028 4191 1258 4256 strangelydividon
1268 4193 1311 4240 the
1322 4191 1390 4240 word
1401 4191 1438 4240 in·

286 4275 335 4331 tor,
348 4269 430 4320 which
446 4287 505 4336 may
515 4272 581 4322 have
596 4273 677 4322 arieen
692 4273 726 4337 by
736 4273 839 4322 mistat-
888 4275 915 4320 ιο
931 4271 981 4334 eij
996 4279 1024 4332 tc,
1044 4274 1087 4322 tbe
1103 4275 1159 4322 first
1175 4273 1254 4322 vowel
1270 4273 1346 4336 being
1361 4273 1438 4322 taken

287 4356 332 4419 ing
346 4352 392 4417 q'o‘n.
405 4354 444 4402 for
454 4369 505 4414 quc.
887 4353 952 4402 from
963 4355 1006 4404 the
1016 4354 1076 4403 final
1086 4355 1188 4419 syllable
1199 4355 1338 4418 preceding.

336 4435 417 4496 'anca
426 4435 535 4483 inserted
546 4436 580 4499 by
589 4435 676 4486 Meae.
685 4436 736 4484 and
748 4437 839 4486 Suntn-
936 4433 947 4465 ⁴
960 4435 1066 4497 polio..
1076 4434 1112 4486 in.
1142 4437 1194 4486 An.
1206 4435 1364 4499 pnleao...ad.

288 4529 324 4566 nu
334 4517 448 4566 fromthe
457 4515 537 4564 Voss,
546 4517 613 4576 MS„
628 4517 649 4565 in
660 4521 706 4566 not
716 4516 837 4580 required,
936 4515 947 4546 ⁵
963 4517 1015 4566 An.
1028 4517 1168 4578 summitur,
1182 4518 1232 4567 and
1244 4518 1318 4568 omits
1328 4517 1375 4567 tte.
