3292 5068
344 418 388 480 42
600 429 893 484 HAERE'HCORUM
919 427 1233 482 PRAEVABICATIO.

180 609 234 650 un
246 609 287 648 ιιι.
301 609 330 648 ιι.
343 586 445 650 factus
458 591 507 650 est
521 584 582 651 iste
595 584 739 663 mundns,
754 592 788 650 et
801 605 865 650 non
879 605 935 670 per
947 583 1088 649 Verbum
1104 582 1176 650 Dei.
1199 579 1375 648 Secundum
1389 587 1495 646 autem

190 655 323 789 2125}qu
343 711 398 754 eos
411 689 464 776 qui
478 697 585 754 sunta
601 687 781 765 Valentino,
797 687 910 752 iterum
924 709 987 752 non
1001 709 1057 772 per
1072 691 1159 752 ¹eum
1173 687 1276 752 lactus
1293 693 1352 762 est,
1367 685 1424 750 sed
1442 704 1498 768 per

183 796 329 879 -ξί-ζ
345 792 558 879 Demiurgum.
601 792 685 857 ¹Hic
706 791 788 857 enim
810 791 996 876 operabatur
1018 789 1234 854 similitudines
1258 787 1338 854 tales
1358 787 1434 862 fieri,
1456 786 1498 852 ad

343 897 547 962 imitationem
577 919 684 962 eorum
713 919 783 983 qum
813 904 886 961 sunt
915 915 1048 972 sursum,
1079 892 1337 980 quemadmodum
1370 891 1494 958 dicunt:

344 999 534 1088 Demiurgus
548 1009 653 1064 autem
668 999 848 1086 perficiebat
863 997 1096 1062 fabricationem
1107 993 1302 1060 conditionis.
1337 993 1496 1058 Emissum
1510 1017 1538 1058 o.
1547 1019 1595 1058 sia

343 1103 426 1168 enim
448 1103 555 1170 dicunt
576 1125 648 1168 eum
669 1127 690 1168 a
712 1111 811 1168 matre
826 1101 995 1167 Dominum
1011 1109 1044 1166 et
1060 1099 1265 1186 Demiurgum
1280 1098 1348 1183 ejus
1366 1097 1495 1183 disposi-

342 1207 438 1273 tionis
461 1229 531 1294 qnae
552 1215 602 1272 est
623 1207 795 1272 seeundum
813 1205 1032 1282 conditionem,
1051 1225 1107 1290 per
1127 1223 1220 1289 quem
1241 1201 1324 1266 bunc
1346 1201 1497 1266 mundum

343 1312 461 1378 lactum
483 1313 610 1378 volunt:
637 1333 710 1376 cum
734 1310 941 1396 Evangelium
970 1307 1133 1372 manifeste
1157 1306 1252 1386 dicat,
1274 1305 1420 1393 quoniam
1442 1327 1498 1391 per

345 1414 496 1492 Verbum,
513 1415 596 1501 quod
620 1414 652 1478 in
678 1414 829 1500 principio
849 1423 917 1478 erat
939 1413 1023 1498 apud
1038 1411 1152 1487 Deum,
1174 1410 1278 1476 omnia
1299 1417 1373 1475 sunt
1394 1410 1494 1475 lacta:

344 1517 426 1606 qnod
449 1516 588 1594 Verbum,
605 1516 715 1603 inquit,
731 1517 934 1600 rarefactum
949 1523 1000 1592 eet,
1017 1525 1045 1580 et
1058 1515 1209 1580 detinuit
1223 1513 1258 1578 io
1271 1512 1366 1578 rotie.

411 1625 441 1686 8.
487 1619 664 1686 Secundum
685 1626 791 1684 autem
811 1619 890 1696 illos,
914 1623 1031 1703 ³neque
1054 1616 1196 1682 Verbum
1214 1637 1286 1682 caro
1304 1617 1423 1681 factm
1437 1622 1496 1693 est,

344 1746 444 1810 neque
460 1722 613 1801 Christus,
629 1743 728 1810 neque
750 1721 801 1809 qui
824 1743 864 1788 ex
886 1721 1030 1786 omnibus
1045 1721 1147 1786 factus
1168 1729 1217 1786 est
1240 1719 1393 1786 Salvator.
1437 1719 1496 1784 Et·

344 1828 427 1893 enim
436 1825 577 1892 Verbum
591 1834 624 1892 et
635 1826 795 1892 Christum
809 1847 867 1891 nec
881 1825 1044 1891 advemsse
1057 1825 1090 1890 in
1108 1825 1191 1891 hunc
1207 1824 1357 1890 mundum
1371 1823 1494 1889 volunt:
1509 1835 1589 1878 [189-

346 1931 538 1996 Salvatorem
565 1951 638 1994 vero
666 1951 729 1993 non
758 1929 954 1994 incarnatum
982 1951 1082 2014 neque
1111 1949 1272 2014 pessume
1297 1927 1496 1992 descendisse

344 2043 450 2099 autem
472 2035 561 2122 quasi
583 2033 758 2099 columbam
780 2033 813 2097 in
835 2053 906 2098 eum
922 2031 946 2096 J
947 2055 1034 2098 esum
1050 2032 1102 2120 qui
1120 2033 1222 2098 factus
1239 2038 1289 2096 est
1309 2053 1350 2095 ex
1366 2031 1497 2115 disposi-

344 2137 440 2214 tione,
455 2146 488 2202 et
507 2159 579 2202 cum
597 2136 812 2201 annuntiasset
826 2135 1020 2223 incognitum
1036 2135 1174 2212 Patrem,
1190 2135 1302 2198 iterum
1322 2131 1497 2199 ascendisse

344 2241 377 2305 in
393 2241 547 2306 Pleroma.
593 2240 792 2304 Incarnatum
814 2247 968 2304 autemst
983 2261 1110 2324 passum
1131 2237 1256 2326 quidam
1279 2237 1404 2324 quidem
1425 2257 1497 2300 eum

344 2343 397 2431 qui
418 2366 459 2409 ex
477 2342 679 2428 dispositione
700 2342 743 2408 sit
761 2342 870 2408 dicunt
892 2341 916 2406 J
918 2363 1016 2420 esum,
1037 2363 1129 2429 quem
1152 2363 1208 2426 per
1231 2341 1367 2404 Mariam
1390 2339 1497 2405 dicunt

344 2447 556 2534 pertransisse,
572 2447 677 2534 ⁴quesi
696 2467 809 2533 aquam
826 2467 882 2532 per
896 2446 1023 2510 tubum:
1040 2445 1092 2510 alii
1106 2467 1178 2510 vero
1192 2443 1374 2531 ⁶Demiurgi
1389 2443 1496 2520 filium,

343 2551 376 2614 in
391 2573 483 2638 quem
498 2551 693 2618 descendisse
708 2571 779 2614 eum
794 2547 818 2613 J
819 2571 907 2614 esum
922 2548 1030 2634 quiex
1051 2547 1254 2634 dispositione
1273 2546 1333 2612 sit:
1356 2545 1408 2611 alii
1430 2567 1496 2610 rur-

343 2677 413 2722 sum
436 2657 548 2723 desum
572 2657 696 2744 quidem
719 2659 777 2720 ⁶ex
800 2654 922 2739 Joseph
945 2662 979 2718 et
1004 2653 1107 2718 Maria
1131 2661 1240 2718 natum
1265 2651 1382 2730 dicunt,
1405 2659 1439 2716 et
1465 2651 1497 2714 in

343 2758 427 2824 hunc
441 2760 636 2826 descendisse
653 2757 813 2824 Christum
827 2757 881 2842 qui
895 2768 907 2810 ⁷
912 2756 953 2820 de
967 2755 1177 2842 superioribus
1191 2754 1243 2831 sit,
1264 2753 1332 2820 sine
1352 2775 1447 2819 carne
1464 2761 1497 2818 et

343 2859 563 2945 impassibilem
585 2861 798 2926 exsistentem.
844 2858 1021 2924 Secundum
1044 2865 1150 2922 autem
1173 2857 1289 2922 nullam
1309 2857 1497 2923 sententiam

342 2962 569 3042 haereticorum,
586 2963 727 3029 Verbum
743 2963 803 3028 Dei
819 2985 891 3028 caro
906 2963 1022 3027 lactum
1037 2969 1095 3026 est.
1143 2962 1176 3026 Si
1196 2962 1278 3027 enim
1291 2961 1360 3048 quis
1375 2961 1497 3048 regulas

342 3065 479 3150 ipserum
505 3066 644 3132 omnium
670 3073 890 3151 perscrutetur,
921 3065 1056 3130 inveniet
1082 3064 1228 3150 quoniam
1257 3064 1325 3128 sine
1348 3085 1441 3129 carne
1464 3073 1497 3130 et

342 3169 538 3256 impassibilis
551 3170 593 3235 ab
607 3169 750 3234 omnibus
764 3168 826 3234 illis
843 3167 999 3234 inducitur
1016 3167 1076 3232 Dei
1099 3167 1251 3246 Verbum,
1268 3176 1301 3232 et
1318 3167 1371 3253 qui
1393 3175 1442 3232 e'st
1463 3167 1497 3230 in

341 3273 549 3360 superioribus
590 3272 741 3340 Christus.
788 3272 853 3337 Alii
891 3271 974 3337 enim
1007 3277 1119 3357 putant
1147 3271 1378 3336 manifestatum
1412 3291 1495 3348 eum,

341 3379 600 3464 quemadmodum
626 3377 783 3444 hominem
805 3377 1080 3463 transfiguratum
1112 3396 1213 3462 neque
1242 3382 1348 3440 autem
1375 3383 1494 3452 natum,

340 3502 440 3567 neque
469 3481 664 3546 incarnatum
693 3481 802 3545 dicunt
831 3479 935 3544 illum:
966 3478 1019 3543 alii
1043 3499 1115 3542 vero
1139 3500 1239 3565 neque
1265 3479 1397 3565 figuram
1423 3499 1495 3542 eum

340 3584 524 3650 assumsisse
550 3583 702 3660 hominis,
737 3583 792 3648 sed
813 3581 1073 3669 quemadmodum
1099 3579 1275 3648 columbam
1297 3581 1495 3648 descendisse

389 3827 468 3878 ι’Πιιι
484 3827 590 3878 concord
606 3828 681 3893 being
691 3829 753 3879 with
769 3827 842 3892 λόγος
855 3829 890 3878 in·
943 3829 1058 3893 baptism,
1076 3829 1133 3878 that
1150 3829 1259 3878 Soteris
1277 3827 1401 3878 intended.
1435 3826 1496 3875 And

339 3911 409 3962 stead
420 3912 449 3960 ol
457 3911 518 3960 with
536 3911 644 3960 Verbum.
942 3911 1023 3960 where
1035 3911 1120 3960 Christ
1133 3911 1153 3960 ie
1167 3911 1220 3960 said
1233 3917 1259 3959 te
1277 3911 1340 3959 bave
1350 3910 1412 3959 been
1424 3909 1494 3968 horn,

388 3992 466 4043 ’Hie
481 3993 553 4052 enim,
572 3993 588 4042 i.
597 4010 617 4042 e.
637 3993 716 4042 Soter.
746 3993 889 4042 cf.v01.1.
942 3995 999 4042 that
1012 3993 1054 4043 the
1068 3993 1169 4058 peycbic
1181 3993 1266 4042 Christ
1277 3993 1421 4056 emanating
1432 3991 1497 4039 from

339 4093 365 4140 p.
377 4077 415 4136 ιδ,
429 4075 479 4124 and
489 4091 514 4139 p.
529 4071 584 4134 266,
598 4091 622 4122 n.
636 4087 659 4124 a.
943 4075 1079 4141 Demiurge
1090 4077 1111 4126 ie
1122 4081 1215 4126 meant·
1246 4075 1292 4124 See
1303 4075 1361 4124 Vol.
1370 4088 1389 4124 1.
1402 4091 1444 4139 pp.
1454 4072 1494 4133 60,

388 4157 488 4219 ’nque
505 4156 605 4205 Verbum
617 4171 796 4218 coro...oeque
808 4155 892 4206 Chris·
943 4156 982 4220 61,
1000 4173 1122 4222 113,211,
1138 4173 1192 4221 ²39·

339 4245 385 4288 tur.
414 4239 466 4286 The
484 4237 552 4286 AEon
569 4237 652 4300 Logoe
665 4253 714 4286 was
732 4253 778 4286 one
795 4254 892 4286 emens·
991 4239 1002 4272 ⁴
1019 4241 1050 4290 ὡς
1060 4242 1099 4290 διὰ
1109 4242 1223 4300 rubbeus.
1241 4238 1300 4289 Vol.
1311 4251 1329 4290 1.
1343 4256 1367 4304 p.
1382 4235 1422 4298 60,
1437 4254 1461 4287 n.
1473 4252 1494 4288 a.

339 4322 401 4380 tion,
415 4319 464 4368 and
476 4318 560 4366 Christ
570 4318 690 4378 another;
707 4335 734 4367 ns
746 4319 896 4369 denizensof
990 4321 1002 4354 ⁸
1018 4323 1149 4386 Demiurpi
1155 4321 1247 4385 filium,
1260 4321 1318 4371 Vol.
1329 4333 1348 4370 1.
1361 4339 1386 4387 p.
1400 4319 1439 4370 60.

339 4404 383 4453 the
394 4401 515 4458 Pleroma,
529 4400 626 4448 neither
636 4399 665 4447 of
675 4399 745 4449 tham
755 4401 892 4451 descended
992 4403 1057 4453 ‘Em
1077 4405 1168 4468 Joreplt
1185 4411 1206 4454 et
1225 4403 1321 4464 diario,
1339 4404 1355 4453 i.
1365 4421 1386 4453 e.
1406 4403 1497 4467 Carpo·

340 4486 394 4533 into
406 4485 449 4533 the
465 4480 550 4530 world.
580 4481 606 4529 It
622 4480 705 4529 would
720 4497 794 4543 seem,
810 4485 891 4533 there·
943 4491 1029 4547 crates,
1042 4487 1100 4538 Vol.
1111 4501 1130 4538 1.
1145 4503 1200 4549 204,
1214 4487 1354 4548 Corinthus,
1371 4501 1425 4535 arr.

339 4567 399 4625 lore,
420 4565 502 4613 where
519 4564 603 4612 Christ
621 4565 643 4612 is
659 4563 713 4612 said
728 4569 756 4613 to
773 4565 836 4613 bave
853 4565 892 4614 de·
992 4567 1002 4600 ⁷
1020 4568 1066 4618 See
1087 4585 1111 4632 p.
1131 4583 1171 4628 40,
1194 4585 1219 4619 n.
1235 4567 1258 4616 6.
1284 4569 1314 4617 de
1334 4567 1498 4633 asperioribus

341 4646 446 4695 scended
465 4662 492 4694 as
509 4647 553 4694 the
568 4645 628 4708 boly
644 4644 707 4691 deve
723 4660 756 4694 on
773 4646 849 4695 Jeaus
865 4647 891 4695 in
945 4646 1075 4708 Chrirtm
1089 4651 1132 4698 τὸν
1143 4653 1232 4700 ἀνωθεν
1243 4651 1355 4712 Χριστόν.
