3292 5068
430 365 725 420 nmenrvcosuu
749 362 1022 420 remscemmo.
1263 343 1304 411 17

152 511 260 578 statim
274 509 494 578 concludentes
507 531 600 576 aures
612 511 707 598 longo
720 509 843 598 longius
857 508 987 596 fugient,
1002 529 1043 574 ne
1059 506 1166 574 audire
1180 505 1305 594 quidem
1317 531 1370 572 um.
1379 531 1469 586 usqu.

152 614 342 680 sustinentes
358 614 572 701 blasphemum
591 614 788 702 colloquium.
834 613 886 680 Sic
900 635 956 700 per
969 612 1054 678 illem
1067 619 1202 677 veterem
1218 611 1305 696 Ap'o-
1325 577 1460 708 hbllssrll:

151 717 301 782 stolorum
320 716 529 796 traditionem,
548 739 590 784 ne
609 717 643 782 in
660 716 896 803 conceptionem
918 715 1043 801 quidem
1062 714 1176 781 mentis
1194 713 1306 779 admit-
1318 746 1469 756 -—-

151 827 233 898 tunt,
249 819 453 906 quodcunque
466 841 574 884 eorum
588 818 862 904 portentiloquium
876 826 935 896 est,
950 837 1050 905 neque
1065 817 1165 884 ¹enim
1180 837 1308 904 congre·

151 923 238 1010 gatio
252 923 312 988 fuit
327 922 409 1010 apud
426 945 491 1002 eos,
506 945 607 1009 neque
621 923 762 988 doctrine
776 921 932 988 instituta.

219 1031 250 1092 2.
296 1028 384 1092 Ante
397 1026 602 1094 Valentinum
613 1026 696 1092 euim
711 1048 774 1091 non
785 1026 920 1104 fuemus,
934 1025 986 1111 qui
1000 1031 1074 1092 sunt
1088 1047 1109 1090 a
1119 1023 1304 1098 Valentiam
1320 1034 1372 1120 {¹03-
1383 1033 1469 1119 {uw-

152 1153 254 1216 neque
274 1138 349 1198 ante
374 1131 569 1196 Marcionem
589 1137 688 1209 erent,
713 1129 766 1214 qui
789 1137 864 1194 sunt
883 1150 903 1193 a
920 1128 1102 1202 Marcione;
1128 1148 1228 1218 neque
1243 1148 1309 1190 orn·

152 1234 228 1299 uino
261 1241 351 1299 erent
379 1233 488 1318 reliqui
519 1254 630 1298 sensus
657 1230 796 1319 maligni,
825 1252 904 1316 quos
927 1252 1022 1317 supra
1051 1228 1308 1307 enumeravimus,

151 1343 323 1423 antequam
347 1336 521 1403 initiatores
545 1343 578 1402 et
603 1335 781 1401 inventores
807 1333 1017 1421 perversitatis
1049 1354 1157 1399 eorum
1188 1333 1309 1398 fierent.

155 1534 378 1610 Οὕαλεντΐνος
405 1531 465 1618 μὲν
490 1531 559 1632 γὰρ
583 1533 689 1616 ἦλθεν
714 1534 757 1609 εἷς
782 1531 909 1615 Ῥώμην
928 1532 983 1602 e'vri
1007 1530 1153 1622 Ὑγίνον·
1183 1526 1310 1613 ἤκμασε
1322 1540 1463 1628 ξῑξῗξξω

155 1643 190 1716 δὲ
221 1646 278 1717 ἐπί
307 1645 405 1732 Πίου,
436 1647 490 1717 καί
519 1647 710 1745 παρέμεινεν
740 1645 797 1722 ἕως
821 1643 1009 1728 Ἀνικῆτου.
1056 1641 1192 1743 Ke'prlurv
1224 1641 1259 1712 δὲ
1291 1644 1309 1712 ὁ

154 1757 225 1858 πρὸ
256 1758 462 1858 Μαρκίωνος,
488 1759 542 1830 καί
569 1757 668 1836 αὐτὸς
697 1757 752 1827 e’vri
783 1757 926 1850 Ὑγίνου,
957 1757 992 1834 ὃς
1021 1755 1057 1841 ἢν
1079 1757 1216 1833 ’ἔνατος
1241 1755 1312 1826 ἐπί-

58 1897 135 1942 tem·
155 1902 294 1956 σκοποο,
318 1874 361 1949 είς
377 1872 438 1955 τὴν
457 1872 632 1954 ἐκκλησίαν
655 1870 759 1942 ἐλθὼν
778 1869 833 1941 καί
851 1867 1189 1966 3ἐξομολογούμενος,
1209 1864 1312 1945 οὕτως

155 1983 335 2070 διετέλεσε,
356 1983 444 2056 ποτὲ
462 1982 521 2069 μὲν
542 1981 871 2083 λαθροδὶδασκαλῶν,
896 1981 984 2056 τοτὲ
1007 1980 1042 2054 δὲ
1065 1979 1168 2054 πάλιν
1194 1979 1313 2076 ἐξομο-

155 2099 368 2191 λογούμενος,
392 2095 479 2170 ποτὲ
497 2096 532 2168 δὲ
551 2098 772 2194 ἐλεγχόμενος
791 2097 845 2196 ἐφ’
867 2093 914 2174 οἷς
938 2093 1089 2168 ἐδίδασκε
1108 2099 1218 2180 κακῶς,
1238 2095 1311 2167 4καί

156 2208 390 2312 ἀφιστάμενος
406 2217 465 2295 τῆς
483 2215 549 2282 τῶν
566 2209 722 2309 ἀδελφῶν
739 2207 899 2287 συνοδίας.

158 2403 349 2470 Valentinus
377 2404 461 2468 enim
484 2403 568 2469 veuit
591 2403 726 2469 Romam
744 2406 803 2469 sub
828 2404 976 2492 Hygin03
1006 2403 1135 2469 increvit
1158 2425 1229 2470 vero
1255 2405 1314 2468 sub

156 2508 226 2588 Pio,
244 2515 277 2573 ct
291 2506 468 2594 prorogavit
481 2513 606 2591 tempus
620 2528 718 2592 usque
732 2506 773 2571 ed
788 2506 969 2572 Anicetum.
1003 2505 1125 2571 (terdon
1139 2514 1245 2572 autem
1260 2506 1313 2594 qui

155 2619 232 2678 ante
253 2610 458 2690 Marcionem,
479 2617 512 2675 et
530 2609 581 2674 hic
599 2611 659 2674 sub
680 2609 817 2697 Hygino,
841 2611 894 2698 qui
917 2611 976 2676 luit
994 2617 1121 2676 octavus
1138 2611 1330 2696 episcopus,

156 2735 243 2801 saepe
265 2712 298 2776 in
319 2711 481 2778 ecclesiam
503 2711 639 2791 veniens,
662 2719 696 2778 et
717 2712 992 2801 ⁸exhomologesin
1013 2713 1139 2792 faciens,
1163 2714 1210 2778 sic
1240 2735 1312 2780 con·

155 2815 335 2896 summavh,
350 2815 443 2881 modo
457 2813 582 2908 quidem
593 2814 727 2880 latenter
738 2816 862 2894 docens,
874 2815 966 2882 modo
977 2837 1049 2880 vero
1061 2815 1313 2903 exhomologesin

156 2921 287 2998 faciens,
317 2919 410 2984 modo
433 2941 506 2984 vero
529 2920 570 2984 ab
593 2917 748 3006 aliquibus
769 2919 932 2985 traductus
955 2919 988 2984 in
1012 2919 1062 2984 his
1088 2941 1158 3004 quae
1183 2918 1315 2986 docebat

156 3023 251 3104 mule,
266 3030 317 3088 ⁴et
330 3022 495 3087 abstentus
508 3029 558 3087 est
570 3043 591 3086 a
604 3020 818 3108 religiosorum
832 3021 992 3088 bominum
1006 3031 1170 3088 conventu.

206 3207 217 3240 1
237 3206 339 3266 Gerena,
354 3205 441 3255 Mass.
454 3205 503 3254 and
521 3204 636 3254 Srmnnu
649 3205 713 3254 bave
812 3203 823 3236 ⁴
839 3205 958 3256 Notaeetu
967 3213 1023 3255 suet
1033 3205 1158 3269 imprimis
1166 3205 1216 3256 hue
1226 3205 1316 3254 Irenoet

157 3303 234 3351 neque
247 3287 308 3336 dum
320 3302 354 3335 on
370 3286 414 3335 the
429 3285 480 3334 sole
491 3286 620 3351 authority
631 3287 660 3335 of
670 3287 713 3337 the
764 3287 836 3337 verba
854 3287 884 3336 de
906 3287 1012 3338 onem
1033 3286 1166 3338 Hoerett‘eo:
1181 3303 1250 3350 quem
1262 3295 1318 3350 post

158 3370 242 3419 Voss,
263 3367 330 3430 MS,
349 3368 375 3416 in
390 3367 471 3416 which
485 3368 599 3417 however
613 3367 673 3418 dum
692 3369 713 3417 ie
765 3367 934 3432 cmffereioneve
952 3369 1065 3419 ἤσκησαν
1082 3369 1111 3418 v'rt
1128 3369 1257 3419 Ecclecicm
1273 3369 1318 3418 αα·

158 3449 315 3502 substitutetl
336 3449 375 3498 for
396 3448 468 3499 enim.
501 3449 528 3500 It
549 3450 570 3499 is
591 3451 714 3500 therefore
765 3449 865 3500 mierum
876 3451 956 3514 furere
970 3451 1031 3501 dicit
1048 3451 1078 3501 ab
1094 3451 1195 3515 Hygino
1209 3452 1318 3501 Itovnaveo

159 3532 296 3593 cancelled,
320 3531 371 3580 end
392 3532 453 3580 itis
475 3532 645 3596 superfluous;
672 3533 715 3582 the
766 3532 1318 3597 Pmstitioe,acdeincepcinurhelioruamave

160 3617 247 3666 Greek
257 3615 329 3664 reads
339 3613 465 3678 naturally
472 3631 507 3674 es,
521 3617 549 3664 cb
558 3617 609 3678 γὰρ
620 3615 650 3674 ἠν
660 3611 713 3675 μετ’
766 3614 838 3672 stem
853 3631 920 3666 mmo
935 3616 1021 3666 occulte
1036 3615 1148 3666 doctrim
1162 3631 1233 3665 καανν
1246 3627 1318 3677 spur·

162 3699 244 3748 αὐτῶν
271 3696 287 3755 ἡ
309 3696 434 3756 ἐκκλησία,
459 3697 513 3744 οὐδὲ
534 3696 550 3754 ἡ
571 3697 715 3744 διδασκαλία
764 3704 863 3760 perstem,
880 3713 947 3747 nunc
957 3712 1043 3747 meru
1059 3696 1202 3758 omittentur
1216 3711 1320 3745 morem

162 3778 316 3842 ἑδραιωμένη.
334 3777 446 3826 Bruuius
456 3777 557 3826 rendere
567 3775 716 3839 eouprepebb
766 3796 846 3842 muru,
866 3795 932 3830 auree
947 3777 1079 3829 conviator
1093 3793 1179 3840 prnuoe
1196 3777 1319 3826 ber-eticor-

161 3863 197 3926 by
214 3863 316 3922 σύναξις,
335 3860 383 3909 but
398 3859 527 3923 Synapopa
543 3859 593 3908 and
610 3857 717 3908 neemia
767 3878 812 3926 que
830 3861 953 3922 ἀοοινίκα,
971 3875 1041 3923 ceptae
1057 3859 1153 3908 comtos
1169 3858 1199 3907 ab
1216 3859 1322 3908 Ecclesia

162 3959 205 3991 are
227 3955 396 4006 synonymcus
418 3944 495 3990 terme
515 3941 542 3989 in
564 3957 586 3989 c.
599 3940 633 3989 vi.
673 3939 716 3989 He
768 3949 921 4006 matum.
957 3939 1210 4004 Requebuvcollc'pere
1220 3939 1321 4002 Μία

162 4025 217 4074 aleo
233 4038 359 4088 expresses
375 4021 487 4072 merim
497 4023 531 4086 by
543 4023 715 4082 bateresheim,
769 4025 879 4074 hereseos
890 4021 992 4072 crimine
1006 4019 1116 4070 secundo
1132 4019 1322 4083 consueverim

163 4105 408 4156 whmeesthetword
415 4121 524 4154 meanse
535 4104 626 4165 school,
636 4105 717 4154 which
769 4105 925 4169 eumsuirsoe
941 4111 962 4152 ct
977 4102 1105 4162 mim,
1119 4102 1163 4165 qui
1170 4109 1223 4164 poa
1234 4103 1321 4167 conseo

164 4189 272 4239 heretice
283 4185 650 4251 unfortunatelyltcdformed.
769 4183 1321 4249 manducabamus-remotam-

214 4267 227 4300 ¹
243 4269 288 4318 See
305 4268 364 4318 Vol.
377 4281 396 4318 1.
412 4285 438 4333 p.
453 4282 508 4328 014,
522 4273 582 4317 note
593 4283 616 4329 a,
637 4268 717 4318 where
769 4269 849 4318 εἰκοσι
856 4268 1178 4332 commeassent,
1193 4285 1323 4334 premam

165 4351 209 4400 the
220 4353 325 4415 position
342 4351 371 4400 of
386 4351 506 4416 Hyginus
523 4350 549 4398 in
565 4351 608 4399 the
619 4349 717 4399 Roman
769 4351 877 4414 relapsos
888 4367 1005 4413 uocemue,
1019 4358 1076 4402 tunc
1082 4353 1323 4416 temporiscdrecun·

166 4434 304 4482 succeesion
320 4434 341 4482 ie
358 4433 491 4482 discussed.
771 4431 830 4481 dum
841 4430 1009 4494 00an
1023 4440 1045 4482 ct
1053 4434 1220 4496 pervertendam
1233 4433 1323 4483 adrnir-

216 4513 443 4578 ’ltrbovtolopesv'a
477 4514 537 4564 Vol.
551 4525 570 4564 1.
588 4527 641 4574 rer,
658 4529 683 4563 n.
696 4528 716 4575 r,
771 4513 900 4576 acescere.
921 4513 1031 4564 Tandem
1041 4531 1094 4565 vero
1108 4516 1192 4577 Cerdo,
1205 4515 1324 4566 οοηνίαοκ

165 4595 216 4644 and
228 4613 252 4662 p.
268 4595 321 4660 126,
333 4615 359 4648 n.
374 4611 396 4659 3.
772 4594 837 4658 quod
850 4601 905 4657 poet
923 4595 988 4644 toties
1005 4594 1117 4646 ἄποικον
1136 4596 1321 4659 Εσοκκοὶοααία,

270 4705 342 4750 vor..
365 4707 399 4750 11.
1202 4685 1223 4748 2
