<?xml version="1.0" encoding="UTF-8"?>
<!DOCTYPE html PUBLIC "-//W3C//DTD XHTML 1.0 Transitional//EN"
    "http://www.w3.org/TR/xhtml1/DTD/xhtml1-transitional.dtd">
<html xmlns="http://www.w3.org/1999/xhtml" xml:lang="en" lang="en">
 <head>
  <title>
</title>
<meta http-equiv="Content-Type" content="text/html;charset=utf-8" />
  <meta name='ocr-system' content='tesseract 3.04.00' />
  <meta name='ocr-capabilities' content='ocr_page ocr_carea ocr_par ocr_line ocrx_word'/>
</head>
<body>
  <div class='ocr_page' id='page_1' title='image "./sanctiirenaeili00irengoog_0172.png"; bbox 0 0 3334 5070; ppageno 0'>
   <div class='ocr_carea' id='block_1_1' title="bbox 563 401 1327 468">
    <p class='ocr_par' dir='ltr' id='par_1_1' title="bbox 563 401 1327 468">
     <span class='ocr_line' id='line_1_1' title="bbox 563 401 1327 468; baseline -0.007 -1"><span class='ocrx_word' id='word_1_1' title='bbox 563 415 714 468; x_wconf 79' lang='lat' dir='ltr'>ACCIPIT</span> <span class='ocrx_word' id='word_1_2' title='bbox 740 413 915 467; x_wconf 73' lang='lat' dir='ltr'><strong>vestras,</strong></span> <span class='ocrx_word' id='word_1_3' title='bbox 1262 401 1327 462; x_wconf 84' lang='grc'><strong>161</strong></span> 
     </span>
    </p>
   </div>
   <div class='ocr_carea' id='block_1_2' title="bbox 174 566 1495 668">
    <p class='ocr_par' dir='ltr' id='par_1_2' title="bbox 174 566 1495 668">
     <span class='ocr_line' id='line_1_2' title="bbox 174 566 1495 668; baseline 0.002 -34"><span class='ocrx_word' id='word_1_4' title='bbox 174 567 289 634; x_wconf 82' lang='lat' dir='ltr'>etenim</span> <span class='ocrx_word' id='word_1_5' title='bbox 307 569 381 634; x_wconf 82' lang='lat' dir='ltr'><strong>Filii</strong></span> <span class='ocrx_word' id='word_1_6' title='bbox 398 571 504 647; x_wconf 90' lang='lat' dir='ltr'><strong>Pater,</strong></span> <span class='ocrx_word' id='word_1_7' title='bbox 520 571 641 636; x_wconf 83' lang='lat' dir='ltr'><strong>visibile</strong></span> <span class='ocrx_word' id='word_1_8' title='bbox 661 578 766 636; x_wconf 88' lang='lat' dir='ltr'><strong>autem</strong></span> <span class='ocrx_word' id='word_1_9' title='bbox 788 570 894 635; x_wconf 87' lang='lat' dir='ltr'><strong>Patris</strong></span> <span class='ocrx_word' id='word_1_10' title='bbox 911 568 1023 634; x_wconf 88' lang='lat' dir='ltr'><strong>Filius.</strong></span> <span class='ocrx_word' id='word_1_11' title='bbox 1060 567 1105 632; x_wconf 87' lang='lat' dir='ltr'><strong>Et</strong></span> <span class='ocrx_word' id='word_1_12' title='bbox 1125 574 1251 654; x_wconf 89' lang='lat' dir='ltr'><strong>propter</strong></span> <span class='ocrx_word' id='word_1_13' title='bbox 1270 566 1331 632; x_wconf 90' lang='lat' dir='ltr'><strong>hoo</strong></span> <span class='ocrx_word' id='word_1_14' title='bbox 1344 581 1495 668; x_wconf 43' lang='lat' dir='ltr'><strong>&amp;9133ngss</strong></span> 
     </span>
    </p>
   </div>
   <div class='ocr_carea' id='block_1_3' title="bbox 173 670 1495 1066">
    <p class='ocr_par' dir='ltr' id='par_1_3' title="bbox 173 670 1495 1066">
     <span class='ocr_line' id='line_1_3' title="bbox 174 670 1480 760; baseline 0.001 -24"><span class='ocrx_word' id='word_1_15' title='bbox 174 693 282 737; x_wconf 91' lang='lat' dir='ltr'><strong>omnes</strong></span> <span class='ocrx_word' id='word_1_16' title='bbox 298 672 456 738; x_wconf 76' lang='lat' dir='ltr'><strong>Christum</strong></span> <span class='ocrx_word' id='word_1_17' title='bbox 471 673 692 760; x_wconf 90' lang='lat' dir='ltr'><strong>¹loquebantur</strong></span> <span class='ocrx_word' id='word_1_18' title='bbox 709 681 863 758; x_wconf 77' lang='lat' dir='ltr'><strong>praesente</strong></span> <span class='ocrx_word' id='word_1_19' title='bbox 882 693 929 750; x_wconf 91' lang='lat' dir='ltr'><strong>eo,</strong></span> <span class='ocrx_word' id='word_1_20' title='bbox 948 679 981 736; x_wconf 89' lang='lat' dir='ltr'><strong>et</strong></span> <span class='ocrx_word' id='word_1_21' title='bbox 998 670 1104 735; x_wconf 90' lang='lat' dir='ltr'><strong>Deum</strong></span> <span class='ocrx_word' id='word_1_22' title='bbox 1117 670 1331 734; x_wconf 76' lang='lat' dir='ltr'><strong>nominabant.</strong></span> <span class='ocrx_word' id='word_1_23' title='bbox 1352 673 1480 759; x_wconf 45' lang='lat' dir='ltr'><strong>“effigi</strong></span> 
     </span>
     <span class='ocr_line' id='line_1_4' title="bbox 175 773 1491 874; baseline 0.002 -37"><span class='ocrx_word' id='word_1_24' title='bbox 175 773 238 838; x_wconf 87' lang='lat' dir='ltr'><strong>Sed</strong></span> <span class='ocrx_word' id='word_1_25' title='bbox 260 783 293 838; x_wconf 92' lang='lat' dir='ltr'><strong>et</strong></span> <span class='ocrx_word' id='word_1_26' title='bbox 315 775 472 840; x_wconf 79' lang='lat' dir='ltr'><strong>daemones</strong></span> <span class='ocrx_word' id='word_1_27' title='bbox 497 775 637 840; x_wconf 83' lang='lat' dir='ltr'><strong>videntes</strong></span> <span class='ocrx_word' id='word_1_28' title='bbox 662 775 790 853; x_wconf 90' lang='lat' dir='ltr'><strong>Filium,</strong></span> <span class='ocrx_word' id='word_1_29' title='bbox 811 775 974 839; x_wconf 79' lang='lat' dir='ltr'><strong>dicebant:</strong></span> <span class='ocrx_word' id='word_1_30' title='bbox 1004 773 1123 838; x_wconf 69' lang='lat' dir='ltr'><strong>scona</strong></span> <span class='ocrx_word' id='word_1_31' title='bbox 1150 781 1178 836; x_wconf 84' lang='lat' dir='ltr'><strong>te</strong></span> <span class='ocrx_word' id='word_1_32' title='bbox 1205 773 1259 858; x_wconf 82' lang='lat' dir='ltr'><strong>qui</strong></span> <span class='ocrx_word' id='word_1_33' title='bbox 1291 793 1331 851; x_wconf 82' lang='lat' dir='ltr'><strong>cs,</strong></span> <span class='ocrx_word' id='word_1_34' title='bbox 1343 795 1491 874; x_wconf 57' lang='lat' dir='ltr'>W</span> 
     </span>
     <span class='ocr_line' id='line_1_5' title="bbox 174 861 1495 972; baseline 0.003 -34"><span class='ocrx_word' id='word_1_35' title='bbox 174 876 305 939; x_wconf 64' lang='lat' dir='ltr'><strong>mora</strong></span> <span class='ocrx_word' id='word_1_36' title='bbox 327 876 400 940; x_wconf 70' lang='lat' dir='ltr'><strong>na.</strong></span> <span class='ocrx_word' id='word_1_37' title='bbox 440 877 485 941; x_wconf 76' lang='lat' dir='ltr'><strong>nt</strong></span> <span class='ocrx_word' id='word_1_38' title='bbox 506 885 632 942; x_wconf 71' lang='lat' dir='ltr'><strong>anans</strong></span> <span class='ocrx_word' id='word_1_39' title='bbox 656 877 817 954; x_wconf 72' lang='lat' dir='ltr'><strong>oramus,</strong></span> <span class='ocrx_word' id='word_1_40' title='bbox 840 877 947 941; x_wconf 69' lang='lat' dir='ltr'><strong>urens</strong></span> <span class='ocrx_word' id='word_1_41' title='bbox 966 897 1048 954; x_wconf 79' lang='lat' dir='ltr'><strong>eum,</strong></span> <span class='ocrx_word' id='word_1_42' title='bbox 1070 875 1213 939; x_wconf 65' lang='lat' dir='ltr'><strong>risui:</strong></span> <span class='ocrx_word' id='word_1_43' title='bbox 1238 875 1276 938; x_wconf 54' lang='grc' dir='ltr'><strong>εἰ</strong></span> <span class='ocrx_word' id='word_1_44' title='bbox 1298 861 1495 972; x_wconf 40' lang='lat' dir='ltr'><strong>agipes&amp;</strong></span> 
     </span>
     <span class='ocr_line' id='line_1_6' title="bbox 173 971 1486 1066; baseline 0.002 -25"><span class='ocrx_word' id='word_1_45' title='bbox 173 999 204 1042; x_wconf 82' lang='lat' dir='ltr'><strong>es</strong></span> <span class='ocrx_word' id='word_1_46' title='bbox 218 978 324 1044; x_wconf 78' lang='lat' dir='ltr'><strong>Filius</strong></span> <span class='ocrx_word' id='word_1_47' title='bbox 338 980 417 1054; x_wconf 63' lang='lat' dir='ltr'><strong>Dru</strong></span> <span class='ocrx_word' id='word_1_48' title='bbox 441 980 585 1044; x_wconf 88' lang='lat' dir='ltr'><strong>omnibus</strong></span> <span class='ocrx_word' id='word_1_49' title='bbox 609 980 733 1066; x_wconf 88' lang='lat' dir='ltr'><strong>quidem</strong></span> <span class='ocrx_word' id='word_1_50' title='bbox 753 979 930 1043; x_wconf 89' lang='lat' dir='ltr'><strong>videntibus</strong></span> <span class='ocrx_word' id='word_1_51' title='bbox 952 985 985 1043; x_wconf 89' lang='lat' dir='ltr'><strong>et</strong></span> <span class='ocrx_word' id='word_1_52' title='bbox 1000 977 1198 1064; x_wconf 79' lang='lat' dir='ltr'><strong>loquentibus</strong></span> <span class='ocrx_word' id='word_1_53' title='bbox 1214 975 1332 1040; x_wconf 89' lang='lat' dir='ltr'><strong>Filium</strong></span> <span class='ocrx_word' id='word_1_54' title='bbox 1342 973 1422 1012; x_wconf 60' lang='lat'><strong>“¹⁶¹¹‘&#39;</strong></span> <span class='ocrx_word' id='word_1_55' title='bbox 1432 971 1486 1010; x_wconf 56' lang='grc' dir='ltr'><strong>Μ</strong></span> 
     </span>
    </p>
   </div>
   <div class='ocr_carea' id='block_1_4' title="bbox 75 1082 1474 2608">
    <p class='ocr_par' dir='ltr' id='par_1_4' title="bbox 173 1082 940 1162">
     <span class='ocr_line' id='line_1_7' title="bbox 173 1082 940 1162; baseline 0.001 -17"><span class='ocrx_word' id='word_1_56' title='bbox 173 1088 208 1145; x_wconf 90' lang='lat' dir='ltr'><strong>et</strong></span> <span class='ocrx_word' id='word_1_57' title='bbox 223 1082 362 1162; x_wconf 88' lang='lat' dir='ltr'><strong>Patrem,</strong></span> <span class='ocrx_word' id='word_1_58' title='bbox 378 1091 559 1148; x_wconf 90' lang='lat' dir='ltr'><strong>nouantem</strong></span> <span class='ocrx_word' id='word_1_59' title='bbox 574 1083 718 1147; x_wconf 89' lang='lat' dir='ltr'><strong>omnibus</strong></span> <span class='ocrx_word' id='word_1_60' title='bbox 733 1082 940 1148; x_wconf 86' lang='lat' dir='ltr'><strong>credentibus.</strong></span> 
     </span>
    </p>

    <p class='ocr_par' dir='ltr' id='par_1_5' title="bbox 175 1185 1342 1780">
     <span class='ocr_line' id='line_1_8' title="bbox 243 1185 1332 1271; baseline 0.003 -23"><span class='ocrx_word' id='word_1_61' title='bbox 243 1190 272 1248; x_wconf 87' lang='lat'><strong>5.</strong></span> <span class='ocrx_word' id='word_1_62' title='bbox 319 1185 492 1269; x_wconf 83' lang='lat' dir='ltr'><strong>Oportebat</strong></span> <span class='ocrx_word' id='word_1_63' title='bbox 512 1186 596 1250; x_wconf 90' lang='lat' dir='ltr'><strong>enim</strong></span> <span class='ocrx_word' id='word_1_64' title='bbox 619 1185 780 1251; x_wconf 83' lang='lat' dir='ltr'><strong>veritatem</strong></span> <span class='ocrx_word' id='word_1_65' title='bbox 802 1186 842 1250; x_wconf 85' lang='lat' dir='ltr'><strong>ab</strong></span> <span class='ocrx_word' id='word_1_66' title='bbox 864 1185 1007 1250; x_wconf 87' lang='lat' dir='ltr'><strong>omnibus</strong></span> <span class='ocrx_word' id='word_1_67' title='bbox 1029 1185 1169 1271; x_wconf 86' lang='lat' dir='ltr'><strong>accipere</strong></span> <span class='ocrx_word' id='word_1_68' title='bbox 1191 1186 1332 1251; x_wconf 83' lang='lat' dir='ltr'><strong>testimo·</strong></span> 
     </span>
     <span class='ocr_line' id='line_1_9' title="bbox 175 1286 1331 1373; baseline 0.003 -25"><span class='ocrx_word' id='word_1_69' title='bbox 175 1286 272 1364; x_wconf 93' lang='lat' dir='ltr'><strong>nium,</strong></span> <span class='ocrx_word' id='word_1_70' title='bbox 295 1293 328 1351; x_wconf 89' lang='lat' dir='ltr'><strong>et</strong></span> <span class='ocrx_word' id='word_1_71' title='bbox 347 1308 415 1351; x_wconf 87' lang='lat' dir='ltr'><strong>esse</strong></span> <span class='ocrx_word' id='word_1_72' title='bbox 435 1287 587 1372; x_wconf 89' lang='lat' dir='ltr'><strong>judicium</strong></span> <span class='ocrx_word' id='word_1_73' title='bbox 610 1287 643 1350; x_wconf 89' lang='lat' dir='ltr'><strong>in</strong></span> <span class='ocrx_word' id='word_1_74' title='bbox 667 1287 799 1354; x_wconf 87' lang='lat' dir='ltr'><strong>salutem</strong></span> <span class='ocrx_word' id='word_1_75' title='bbox 820 1287 945 1373; x_wconf 90' lang='lat' dir='ltr'><strong>quidem</strong></span> <span class='ocrx_word' id='word_1_76' title='bbox 969 1287 1171 1365; x_wconf 89' lang='lat' dir='ltr'><strong>credentium,</strong></span> <span class='ocrx_word' id='word_1_77' title='bbox 1200 1288 1233 1350; x_wconf 92' lang='lat' dir='ltr'><strong>in</strong></span> <span class='ocrx_word' id='word_1_78' title='bbox 1259 1309 1331 1352; x_wconf 89' lang='lat' dir='ltr'><strong>con·</strong></span> 
     </span>
     <span class='ocr_line' id='line_1_10' title="bbox 175 1388 1342 1475; baseline 0 -23"><span class='ocrx_word' id='word_1_79' title='bbox 175 1388 405 1453; x_wconf 89' lang='lat' dir='ltr'><strong>demnationem</strong></span> <span class='ocrx_word' id='word_1_80' title='bbox 425 1397 530 1453; x_wconf 91' lang='lat' dir='ltr'><strong>autem</strong></span> <span class='ocrx_word' id='word_1_81' title='bbox 551 1411 613 1454; x_wconf 92' lang='lat' dir='ltr'><strong>non</strong></span> <span class='ocrx_word' id='word_1_82' title='bbox 631 1390 833 1468; x_wconf 91' lang='lat' dir='ltr'><strong>credentium,</strong></span> <span class='ocrx_word' id='word_1_83' title='bbox 854 1398 890 1453; x_wconf 93' lang='lat' dir='ltr'><strong>ut</strong></span> <span class='ocrx_word' id='word_1_84' title='bbox 909 1411 1018 1454; x_wconf 91' lang='lat' dir='ltr'><strong>omnes</strong></span> <span class='ocrx_word' id='word_1_85' title='bbox 1036 1391 1121 1475; x_wconf 88' lang='lat' dir='ltr'><strong>juste</strong></span> <span class='ocrx_word' id='word_1_86' title='bbox 1140 1389 1342 1474; x_wconf 24' lang='lat' dir='ltr'><strong>judicentur,-</strong></span> 
     </span>
     <span class='ocr_line' id='line_1_11' title="bbox 175 1491 1330 1575; baseline 0.003 -23"><span class='ocrx_word' id='word_1_87' title='bbox 175 1497 208 1552; x_wconf 92' lang='lat' dir='ltr'><strong>ct</strong></span> <span class='ocrx_word' id='word_1_88' title='bbox 223 1510 260 1553; x_wconf 88' lang='lat' dir='ltr'><strong>ea</strong></span> <span class='ocrx_word' id='word_1_89' title='bbox 274 1511 343 1575; x_wconf 83' lang='lat' dir='ltr'><strong>quae</strong></span> <span class='ocrx_word' id='word_1_90' title='bbox 359 1497 407 1554; x_wconf 88' lang='lat' dir='ltr'><strong>est</strong></span> <span class='ocrx_word' id='word_1_91' title='bbox 422 1491 453 1553; x_wconf 94' lang='lat' dir='ltr'><strong>in</strong></span> <span class='ocrx_word' id='word_1_92' title='bbox 470 1493 597 1554; x_wconf 87' lang='lat' dir='ltr'><strong>Patrem</strong></span> <span class='ocrx_word' id='word_1_93' title='bbox 609 1501 641 1554; x_wconf 91' lang='lat' dir='ltr'><strong>et</strong></span> <span class='ocrx_word' id='word_1_94' title='bbox 659 1491 774 1554; x_wconf 90' lang='lat' dir='ltr'><strong>Filium</strong></span> <span class='ocrx_word' id='word_1_95' title='bbox 789 1491 876 1569; x_wconf 85' lang='lat' dir='ltr'><strong>fides,</strong></span> <span class='ocrx_word' id='word_1_96' title='bbox 892 1492 933 1556; x_wconf 92' lang='lat' dir='ltr'><strong>ab</strong></span> <span class='ocrx_word' id='word_1_97' title='bbox 948 1491 1090 1556; x_wconf 91' lang='lat' dir='ltr'><strong>omnibus</strong></span> <span class='ocrx_word' id='word_1_98' title='bbox 1103 1492 1330 1575; x_wconf 79' lang='lat' dir='ltr'><strong>comprobetur,</strong></span> 
     </span>
     <span class='ocr_line' id='line_1_12' title="bbox 175 1592 1331 1678; baseline 0.003 -24"><span class='ocrx_word' id='word_1_99' title='bbox 175 1592 223 1654; x_wconf 69' lang='lat' dir='ltr'><strong>8id</strong></span> <span class='ocrx_word' id='word_1_100' title='bbox 247 1601 305 1670; x_wconf 90' lang='lat' dir='ltr'><strong>est,</strong></span> <span class='ocrx_word' id='word_1_101' title='bbox 332 1593 373 1656; x_wconf 87' lang='lat' dir='ltr'><strong>ab</strong></span> <span class='ocrx_word' id='word_1_102' title='bbox 394 1594 537 1657; x_wconf 88' lang='lat' dir='ltr'><strong>omnibus</strong></span> <span class='ocrx_word' id='word_1_103' title='bbox 559 1595 757 1658; x_wconf 86' lang='lat' dir='ltr'><strong>confirmetur</strong></span> <span class='ocrx_word' id='word_1_104' title='bbox 782 1595 822 1658; x_wconf 91' lang='lat' dir='ltr'><strong>ab</strong></span> <span class='ocrx_word' id='word_1_105' title='bbox 846 1594 990 1660; x_wconf 85' lang='lat' dir='ltr'><strong>omnibus</strong></span> <span class='ocrx_word' id='word_1_106' title='bbox 1012 1593 1168 1678; x_wconf 87' lang='lat' dir='ltr'><strong>accipiens</strong></span> <span class='ocrx_word' id='word_1_107' title='bbox 1192 1593 1331 1657; x_wconf 78' lang='lat' dir='ltr'><strong>testimo</strong></span> 
     </span>
     <span class='ocr_line' id='line_1_13' title="bbox 176 1693 1331 1780; baseline 0.004 -26"><span class='ocrx_word' id='word_1_108' title='bbox 176 1693 273 1771; x_wconf 89' lang='lat' dir='ltr'><strong>nium,</strong></span> <span class='ocrx_word' id='word_1_109' title='bbox 293 1701 325 1758; x_wconf 89' lang='lat' dir='ltr'><strong>et</strong></span> <span class='ocrx_word' id='word_1_110' title='bbox 342 1716 362 1758; x_wconf 92' lang='lat' dir='ltr'><strong>a</strong></span> <span class='ocrx_word' id='word_1_111' title='bbox 382 1695 560 1759; x_wconf 79' lang='lat' dir='ltr'><strong>domesticis</strong></span> <span class='ocrx_word' id='word_1_112' title='bbox 572 1695 725 1780; x_wconf 84' lang='lat' dir='ltr'><strong>&#39;quoniam</strong></span> <span class='ocrx_word' id='word_1_113' title='bbox 744 1703 776 1759; x_wconf 91' lang='lat' dir='ltr'><strong>et</strong></span> <span class='ocrx_word' id='word_1_114' title='bbox 796 1695 907 1770; x_wconf 90' lang='lat' dir='ltr'><strong>amici;</strong></span> <span class='ocrx_word' id='word_1_115' title='bbox 939 1702 971 1760; x_wconf 89' lang='lat' dir='ltr'><strong>et</strong></span> <span class='ocrx_word' id='word_1_116' title='bbox 992 1696 1033 1759; x_wconf 90' lang='lat' dir='ltr'><strong>ab</strong></span> <span class='ocrx_word' id='word_1_117' title='bbox 1055 1694 1233 1759; x_wconf 84' lang='lat' dir='ltr'><strong>³cxtraneis</strong></span> <span class='ocrx_word' id='word_1_118' title='bbox 1257 1717 1331 1780; x_wconf 93' lang='lat' dir='ltr'><strong>quo-</strong></span> 
     </span>
    </p>

    <p class='ocr_par' dir='ltr' id='par_1_6' title="bbox 75 1795 1474 2608">
     <span class='ocr_line' id='line_1_14' title="bbox 95 1795 1331 1882; baseline 0.003 -24"><span class='ocrx_word' id='word_1_119' title='bbox 95 1855 100 1866; x_wconf 93' lang='grc'>,</span> <span class='ocrx_word' id='word_1_120' title='bbox 148 1853 155 1866; x_wconf 83' lang='grc'><em>,</em></span> <span class='ocrx_word' id='word_1_121' title='bbox 177 1795 263 1858; x_wconf 90' lang='lat' dir='ltr'><strong>niam</strong></span> <span class='ocrx_word' id='word_1_122' title='bbox 277 1805 309 1860; x_wconf 91' lang='lat' dir='ltr'><strong>et</strong></span> <span class='ocrx_word' id='word_1_123' title='bbox 324 1797 450 1861; x_wconf 90' lang='lat' dir='ltr'><strong>inimici.</strong></span> <span class='ocrx_word' id='word_1_124' title='bbox 484 1797 542 1862; x_wconf 88' lang='lat' dir='ltr'><strong>Illa</strong></span> <span class='ocrx_word' id='word_1_125' title='bbox 553 1806 602 1862; x_wconf 82' lang='lat' dir='ltr'><strong>est</strong></span> <span class='ocrx_word' id='word_1_126' title='bbox 615 1797 699 1862; x_wconf 91' lang='lat' dir='ltr'><strong>enim</strong></span> <span class='ocrx_word' id='word_1_127' title='bbox 709 1820 781 1863; x_wconf 87' lang='lat' dir='ltr'><strong>vera</strong></span> <span class='ocrx_word' id='word_1_128' title='bbox 795 1807 828 1863; x_wconf 90' lang='lat' dir='ltr'><strong>et</strong></span> <span class='ocrx_word' id='word_1_129' title='bbox 842 1798 909 1862; x_wconf 93' lang='lat' dir='ltr'><strong>sine</strong></span> <span class='ocrx_word' id='word_1_130' title='bbox 920 1797 1164 1863; x_wconf 79' lang='lat' dir='ltr'><strong>contradictione</strong></span> <span class='ocrx_word' id='word_1_131' title='bbox 1179 1797 1331 1882; x_wconf 91' lang='lat' dir='ltr'><strong>probatio,</strong></span> 
     </span>
     <span class='ocr_line' id='line_1_15' title="bbox 178 1900 1440 1989; baseline 0.002 -27"><span class='ocrx_word' id='word_1_132' title='bbox 178 1921 248 1984; x_wconf 82' lang='lat' dir='ltr'><strong>queo</strong></span> <span class='ocrx_word' id='word_1_133' title='bbox 268 1900 363 1964; x_wconf 91' lang='lat' dir='ltr'><strong>etiam</strong></span> <span class='ocrx_word' id='word_1_134' title='bbox 380 1901 421 1966; x_wconf 89' lang='lat' dir='ltr'><strong>ab</strong></span> <span class='ocrx_word' id='word_1_135' title='bbox 435 1901 619 1966; x_wconf 85' lang='lat' dir='ltr'><strong>adversariis</strong></span> <span class='ocrx_word' id='word_1_136' title='bbox 639 1901 715 1986; x_wconf 91' lang='lat' dir='ltr'><strong>ipsis</strong></span> <span class='ocrx_word' id='word_1_137' title='bbox 733 1901 873 1989; x_wconf 87' lang='lat' dir='ltr'><strong>⁴singula</strong></span> <span class='ocrx_word' id='word_1_138' title='bbox 891 1902 1120 1967; x_wconf 85' lang='lat' dir='ltr'><strong>testificationis</strong></span> <span class='ocrx_word' id='word_1_139' title='bbox 1139 1901 1275 1988; x_wconf 84' lang='lat' dir='ltr'><strong>profert:</strong></span> <span class='ocrx_word' id='word_1_140' title='bbox 1300 1902 1332 1964; x_wconf 90' lang='lat' dir='ltr'><strong>in</strong></span> <span class='ocrx_word' id='word_1_141' title='bbox 1437 1947 1440 1954; x_wconf 70' lang='lat'><strong>,</strong></span> 
     </span>
     <span class='ocr_line' id='line_1_16' title="bbox 178 1999 1331 2094; baseline 0.006 -32"><span class='ocrx_word' id='word_1_142' title='bbox 178 1999 246 2084; x_wconf 91' lang='lat' dir='ltr'><strong>ipsa</strong></span> <span class='ocrx_word' id='word_1_143' title='bbox 260 2001 384 2087; x_wconf 91' lang='lat' dir='ltr'><strong>quidem</strong></span> <span class='ocrx_word' id='word_1_144' title='bbox 404 2002 569 2067; x_wconf 85' lang='lat' dir='ltr'><strong>manifesta</strong></span> <span class='ocrx_word' id='word_1_145' title='bbox 585 2023 645 2094; x_wconf 77' lang='lat' dir='ltr'><strong>sua</strong></span> <span class='ocrx_word' id='word_1_146' title='bbox 664 2004 781 2068; x_wconf 90' lang='lat' dir='ltr'><strong>visione</strong></span> <span class='ocrx_word' id='word_1_147' title='bbox 799 2004 948 2070; x_wconf 87' lang='lat' dir='ltr'><strong>convictis</strong></span> <span class='ocrx_word' id='word_1_148' title='bbox 968 2005 1007 2068; x_wconf 93' lang='lat' dir='ltr'><strong>de</strong></span> <span class='ocrx_word' id='word_1_149' title='bbox 1026 2004 1173 2090; x_wconf 75' lang='lat' dir='ltr'><strong>praesenti</strong></span> <span class='ocrx_word' id='word_1_150' title='bbox 1194 2005 1331 2091; x_wconf 88' lang='lat' dir='ltr'><strong>negotio,</strong></span> 
     </span>
     <span class='ocr_line' id='line_1_17' title="bbox 178 2103 1333 2192; baseline 0.005 -28"><span class='ocrx_word' id='word_1_151' title='bbox 178 2109 211 2164; x_wconf 92' lang='lat' dir='ltr'><strong>et</strong></span> <span class='ocrx_word' id='word_1_152' title='bbox 239 2103 488 2177; x_wconf 87' lang='lat' dir='ltr'><strong>testificantibus,</strong></span> <span class='ocrx_word' id='word_1_153' title='bbox 513 2113 546 2168; x_wconf 88' lang='lat' dir='ltr'><strong>et</strong></span> <span class='ocrx_word' id='word_1_154' title='bbox 567 2104 801 2190; x_wconf 87' lang='lat' dir='ltr'><strong>⁴signantibus;</strong></span> <span class='ocrx_word' id='word_1_155' title='bbox 834 2113 944 2192; x_wconf 87' lang='lat' dir='ltr'><strong>postea</strong></span> <span class='ocrx_word' id='word_1_156' title='bbox 969 2126 1041 2170; x_wconf 90' lang='lat' dir='ltr'><strong>vero</strong></span> <span class='ocrx_word' id='word_1_157' title='bbox 1067 2105 1108 2169; x_wconf 85' lang='lat' dir='ltr'><strong>ad</strong></span> <span class='ocrx_word' id='word_1_158' title='bbox 1138 2105 1333 2170; x_wconf 83' lang='lat' dir='ltr'><strong>inimicitiam</strong></span> 
     </span>
     <span class='ocr_line' id='line_1_18' title="bbox 178 2207 1333 2290; baseline 0.002 -20"><span class='ocrx_word' id='word_1_159' title='bbox 178 2207 420 2290; x_wconf 85' lang='lat' dir='ltr'><strong>erumpentibus,</strong></span> <span class='ocrx_word' id='word_1_160' title='bbox 436 2215 469 2271; x_wconf 91' lang='lat' dir='ltr'><strong>et</strong></span> <span class='ocrx_word' id='word_1_161' title='bbox 480 2209 707 2286; x_wconf 84' lang='lat' dir='ltr'><strong>accusantibus,</strong></span> <span class='ocrx_word' id='word_1_162' title='bbox 723 2215 756 2272; x_wconf 89' lang='lat' dir='ltr'><strong>et</strong></span> <span class='ocrx_word' id='word_1_163' title='bbox 773 2207 946 2272; x_wconf 89' lang='lat' dir='ltr'><strong>volentibus</strong></span> <span class='ocrx_word' id='word_1_164' title='bbox 961 2229 1024 2271; x_wconf 93' lang='lat' dir='ltr'><strong>non</strong></span> <span class='ocrx_word' id='word_1_165' title='bbox 1039 2229 1107 2272; x_wconf 88' lang='lat' dir='ltr'><strong>esse</strong></span> <span class='ocrx_word' id='word_1_166' title='bbox 1121 2230 1227 2272; x_wconf 85' lang='lat' dir='ltr'><strong>verum</strong></span> <span class='ocrx_word' id='word_1_167' title='bbox 1242 2231 1333 2273; x_wconf 90' lang='lat' dir='ltr'><strong>suum</strong></span> 
     </span>
     <span class='ocr_line' id='line_1_19' title="bbox 178 2309 1332 2396; baseline 0 -24"><span class='ocrx_word' id='word_1_168' title='bbox 178 2309 400 2374; x_wconf 89' lang='lat' dir='ltr'><strong>testimonium.</strong></span> <span class='ocrx_word' id='word_1_169' title='bbox 440 2309 512 2374; x_wconf 91' lang='lat' dir='ltr'><strong>Non</strong></span> <span class='ocrx_word' id='word_1_170' title='bbox 532 2331 607 2396; x_wconf 92' lang='lat' dir='ltr'><strong>ergo</strong></span> <span class='ocrx_word' id='word_1_171' title='bbox 621 2309 700 2374; x_wconf 87' lang='lat' dir='ltr'><strong>alius</strong></span> <span class='ocrx_word' id='word_1_172' title='bbox 714 2317 782 2374; x_wconf 90' lang='lat' dir='ltr'><strong>crat</strong></span> <span class='ocrx_word' id='word_1_173' title='bbox 797 2309 850 2393; x_wconf 92' lang='lat' dir='ltr'><strong>qui</strong></span> <span class='ocrx_word' id='word_1_174' title='bbox 865 2310 1121 2395; x_wconf 82' lang='lat' dir='ltr'><strong>cognoscebatur,</strong></span> <span class='ocrx_word' id='word_1_175' title='bbox 1138 2318 1170 2373; x_wconf 89' lang='lat' dir='ltr'><strong>et</strong></span> <span class='ocrx_word' id='word_1_176' title='bbox 1184 2310 1265 2373; x_wconf 87' lang='lat' dir='ltr'><strong>alius</strong></span> <span class='ocrx_word' id='word_1_177' title='bbox 1279 2309 1332 2395; x_wconf 94' lang='lat' dir='ltr'><strong>qui</strong></span> 
     </span>
     <span class='ocr_line' id='line_1_20' title="bbox 75 2409 1333 2496; baseline 0 -24"><span class='ocrx_word' id='word_1_178' title='bbox 75 2443 105 2482; x_wconf 67' lang='grc' dir='ltr'><strong>μ,</strong></span> <span class='ocrx_word' id='word_1_179' title='bbox 116 2442 160 2480; x_wconf 64' lang='lat' dir='ltr'><strong>m,</strong></span> <span class='ocrx_word' id='word_1_180' title='bbox 179 2409 319 2473; x_wconf 86' lang='lat' dir='ltr'><strong>dicebat:</strong></span> <span class='ocrx_word' id='word_1_181' title='bbox 343 2411 443 2474; x_wconf 82' lang='lat' dir='ltr'><strong>Nemo</strong></span> <span class='ocrx_word' id='word_1_182' title='bbox 457 2412 601 2496; x_wconf 77' lang='lat' dir='ltr'><strong>coprsoscit</strong></span> <span class='ocrx_word' id='word_1_183' title='bbox 619 2412 765 2484; x_wconf 62' lang='lat' dir='ltr'><strong>Patre-rin</strong></span> <span class='ocrx_word' id='word_1_184' title='bbox 790 2411 845 2474; x_wconf 89' lang='lat' dir='ltr'><strong>sed</strong></span> <span class='ocrx_word' id='word_1_185' title='bbox 864 2431 945 2473; x_wconf 88' lang='lat' dir='ltr'><strong>unus</strong></span> <span class='ocrx_word' id='word_1_186' title='bbox 959 2417 992 2473; x_wconf 89' lang='lat' dir='ltr'><strong>et</strong></span> <span class='ocrx_word' id='word_1_187' title='bbox 1009 2409 1103 2486; x_wconf 92' lang='lat' dir='ltr'><strong>idem,</strong></span> <span class='ocrx_word' id='word_1_188' title='bbox 1119 2409 1224 2473; x_wconf 91' lang='lat' dir='ltr'><strong>omnia</strong></span> <span class='ocrx_word' id='word_1_189' title='bbox 1237 2410 1333 2494; x_wconf 91' lang='lat' dir='ltr'><strong>subji-</strong></span> 
     </span>
     <span class='ocr_line' id='line_1_21' title="bbox 179 2511 1474 2608; baseline -0.001 -32"><span class='ocrx_word' id='word_1_190' title='bbox 179 2511 280 2576; x_wconf 86' lang='lat' dir='ltr'><strong>ciente</strong></span> <span class='ocrx_word' id='word_1_191' title='bbox 301 2513 330 2576; x_wconf 90' lang='lat' dir='ltr'><strong>ei</strong></span> <span class='ocrx_word' id='word_1_192' title='bbox 354 2513 459 2592; x_wconf 88' lang='lat' dir='ltr'><strong>Patre,</strong></span> <span class='ocrx_word' id='word_1_193' title='bbox 480 2523 514 2578; x_wconf 90' lang='lat' dir='ltr'><strong>et</strong></span> <span class='ocrx_word' id='word_1_194' title='bbox 530 2515 571 2578; x_wconf 87' lang='lat' dir='ltr'><strong>ab</strong></span> <span class='ocrx_word' id='word_1_195' title='bbox 597 2514 741 2578; x_wconf 90' lang='lat' dir='ltr'><strong>omnibus</strong></span> <span class='ocrx_word' id='word_1_196' title='bbox 762 2513 917 2598; x_wconf 86' lang='lat' dir='ltr'><strong>accipiens</strong></span> <span class='ocrx_word' id='word_1_197' title='bbox 938 2513 1163 2592; x_wconf 89' lang='lat' dir='ltr'><strong>testimonium,</strong></span> <span class='ocrx_word' id='word_1_198' title='bbox 1186 2513 1333 2598; x_wconf 87' lang='lat' dir='ltr'><strong>quoniam</strong></span> <span class='ocrx_word' id='word_1_199' title='bbox 1345 2522 1383 2607; x_wconf 41' lang='grc' dir='ltr'><strong>ξιτ</strong></span> <span class='ocrx_word' id='word_1_200' title='bbox 1392 2531 1474 2608; x_wconf 50' lang='lat'><strong>22¹5?</strong></span> 
     </span>
    </p>
   </div>
   <div class='ocr_carea' id='block_1_5' title="bbox 180 2613 1485 2701">
    <p class='ocr_par' dir='ltr' id='par_1_7' title="bbox 180 2613 1485 2701">
     <span class='ocr_line' id='line_1_22' title="bbox 180 2613 1485 2701; baseline 0.004 -23"><span class='ocrx_word' id='word_1_201' title='bbox 180 2636 251 2679; x_wconf 88' lang='lat' dir='ltr'><strong>vere</strong></span> <span class='ocrx_word' id='word_1_202' title='bbox 265 2615 368 2692; x_wconf 89' lang='lat' dir='ltr'><strong>horno,</strong></span> <span class='ocrx_word' id='word_1_203' title='bbox 383 2623 416 2679; x_wconf 89' lang='lat' dir='ltr'><strong>et</strong></span> <span class='ocrx_word' id='word_1_204' title='bbox 437 2615 584 2700; x_wconf 88' lang='lat' dir='ltr'><strong>quoniam</strong></span> <span class='ocrx_word' id='word_1_205' title='bbox 598 2637 669 2680; x_wconf 89' lang='lat' dir='ltr'><strong>vere</strong></span> <span class='ocrx_word' id='word_1_206' title='bbox 684 2615 782 2693; x_wconf 92' lang='lat' dir='ltr'><strong>Deus,</strong></span> <span class='ocrx_word' id='word_1_207' title='bbox 803 2636 823 2679; x_wconf 94' lang='lat' dir='ltr'><strong>a</strong></span> <span class='ocrx_word' id='word_1_208' title='bbox 838 2616 944 2694; x_wconf 91' lang='lat' dir='ltr'><strong>Patre,</strong></span> <span class='ocrx_word' id='word_1_209' title='bbox 959 2637 980 2679; x_wconf 90' lang='lat' dir='ltr'><strong>a</strong></span> <span class='ocrx_word' id='word_1_210' title='bbox 996 2615 1124 2700; x_wconf 90' lang='lat' dir='ltr'><strong>Spiritu,</strong></span> <span class='ocrx_word' id='word_1_211' title='bbox 1140 2615 1181 2679; x_wconf 93' lang='lat' dir='ltr'><strong>ab</strong></span> <span class='ocrx_word' id='word_1_212' title='bbox 1202 2613 1485 2701; x_wconf 63' lang='lat' dir='ltr'><strong>angelis,33,¹,&#39;,¹,:²1¹{2·„</strong></span> 
     </span>
    </p>
   </div>
   <div class='ocr_carea' id='block_1_6' title="bbox 179 2714 1494 2802">
    <p class='ocr_par' dir='ltr' id='par_1_8' title="bbox 179 2714 1494 2802">
     <span class='ocr_line' id='line_1_23' title="bbox 179 2714 1494 2802; baseline 0.001 -22"><span class='ocrx_word' id='word_1_213' title='bbox 179 2717 220 2781; x_wconf 88' lang='lat' dir='ltr'><strong>ab</strong></span> <span class='ocrx_word' id='word_1_214' title='bbox 242 2717 310 2801; x_wconf 89' lang='lat' dir='ltr'><strong>ipsa</strong></span> <span class='ocrx_word' id='word_1_215' title='bbox 330 2717 516 2795; x_wconf 86' lang='lat' dir='ltr'><strong>conditione,</strong></span> <span class='ocrx_word' id='word_1_216' title='bbox 534 2719 576 2782; x_wconf 87' lang='lat' dir='ltr'><strong>ab</strong></span> <span class='ocrx_word' id='word_1_217' title='bbox 592 2717 780 2794; x_wconf 90' lang='lat' dir='ltr'><strong>hominibus,</strong></span> <span class='ocrx_word' id='word_1_218' title='bbox 801 2723 835 2781; x_wconf 90' lang='lat' dir='ltr'><strong>et</strong></span> <span class='ocrx_word' id='word_1_219' title='bbox 852 2717 893 2781; x_wconf 91' lang='lat' dir='ltr'><strong>ab</strong></span> <span class='ocrx_word' id='word_1_220' title='bbox 912 2716 1093 2802; x_wconf 87' lang='lat' dir='ltr'><strong>apostaticis</strong></span> <span class='ocrx_word' id='word_1_221' title='bbox 1111 2716 1281 2802; x_wconf 88' lang='lat' dir='ltr'><strong>spiritibus,</strong></span> <span class='ocrx_word' id='word_1_222' title='bbox 1301 2723 1333 2781; x_wconf 91' lang='lat' dir='ltr'><strong>et</strong></span> <span class='ocrx_word' id='word_1_223' title='bbox 1345 2714 1494 2792; x_wconf 48' lang='grc' dir='ltr'><strong>ἲῖοζῖῗυᾎι</strong></span> 
     </span>
    </p>
   </div>
   <div class='ocr_carea' id='block_1_7' title="bbox 179 2798 1374 2904">
    <p class='ocr_par' dir='ltr' id='par_1_9' title="bbox 179 2798 1374 2904">
     <span class='ocr_line' id='line_1_24' title="bbox 179 2798 1374 2904; baseline 0.002 -22"><span class='ocrx_word' id='word_1_224' title='bbox 179 2819 351 2897; x_wconf 86' lang='lat' dir='ltr'><strong>daemoniis,</strong></span> <span class='ocrx_word' id='word_1_225' title='bbox 372 2827 405 2884; x_wconf 92' lang='lat' dir='ltr'><strong>et</strong></span> <span class='ocrx_word' id='word_1_226' title='bbox 429 2821 488 2884; x_wconf 76' lang='lat' dir='ltr'><strong>lab</strong></span> <span class='ocrx_word' id='word_1_227' title='bbox 509 2820 645 2897; x_wconf 88' lang='lat' dir='ltr'><strong>inimico,</strong></span> <span class='ocrx_word' id='word_1_228' title='bbox 671 2827 704 2884; x_wconf 88' lang='lat' dir='ltr'><strong>et</strong></span> <span class='ocrx_word' id='word_1_229' title='bbox 728 2819 895 2883; x_wconf 85' lang='lat' dir='ltr'><strong>novissime</strong></span> <span class='ocrx_word' id='word_1_230' title='bbox 915 2821 956 2884; x_wconf 88' lang='lat' dir='ltr'><strong>ab</strong></span> <span class='ocrx_word' id='word_1_231' title='bbox 978 2819 1047 2904; x_wconf 88' lang='lat' dir='ltr'><strong>ipsa</strong></span> <span class='ocrx_word' id='word_1_232' title='bbox 1069 2826 1180 2884; x_wconf 90' lang='lat' dir='ltr'><strong>morte.</strong></span> <span class='ocrx_word' id='word_1_233' title='bbox 1219 2819 1334 2884; x_wconf 93' lang='lat' dir='ltr'><strong>Omnia</strong></span> <span class='ocrx_word' id='word_1_234' title='bbox 1345 2798 1374 2838; x_wconf 55' lang='grc' dir='ltr'><strong>η</strong></span> 
     </span>
    </p>
   </div>
   <div class='ocr_carea' id='block_1_8' title="bbox 177 2919 1334 3212">
    <p class='ocr_par' dir='ltr' id='par_1_10' title="bbox 177 2919 1334 3212">
     <span class='ocr_line' id='line_1_25' title="bbox 177 2919 1334 3004; baseline 0.001 -21"><span class='ocrx_word' id='word_1_235' title='bbox 177 2927 285 2984; x_wconf 87' lang='lat' dir='ltr'><strong>autem</strong></span> <span class='ocrx_word' id='word_1_236' title='bbox 315 2919 415 2984; x_wconf 88' lang='lat' dir='ltr'><strong>Filius</strong></span> <span class='ocrx_word' id='word_1_237' title='bbox 444 2920 680 2985; x_wconf 75' lang='lat' dir='ltr'><strong>6administrans</strong></span> <span class='ocrx_word' id='word_1_238' title='bbox 709 2919 809 2996; x_wconf 89' lang='lat' dir='ltr'><strong>Patri,</strong></span> <span class='ocrx_word' id='word_1_239' title='bbox 839 2920 960 3003; x_wconf 89' lang='lat' dir='ltr'><strong>perficit</strong></span> <span class='ocrx_word' id='word_1_240' title='bbox 987 2921 1028 2984; x_wconf 89' lang='lat' dir='ltr'><strong>ab</strong></span> <span class='ocrx_word' id='word_1_241' title='bbox 1050 2919 1140 2984; x_wconf 90' lang='lat' dir='ltr'><strong>initio</strong></span> <span class='ocrx_word' id='word_1_242' title='bbox 1169 2920 1334 3004; x_wconf 85' lang='lat' dir='ltr'><strong>usquead</strong></span> 
     </span>
     <span class='ocr_line' id='line_1_26' title="bbox 178 3022 1334 3110; baseline -0.003 -23"><span class='ocrx_word' id='word_1_243' title='bbox 178 3024 283 3100; x_wconf 88' lang='lat' dir='ltr'><strong>finem,</strong></span> <span class='ocrx_word' id='word_1_244' title='bbox 299 3033 331 3088; x_wconf 93' lang='lat' dir='ltr'><strong>et</strong></span> <span class='ocrx_word' id='word_1_245' title='bbox 345 3023 412 3088; x_wconf 92' lang='lat' dir='ltr'><strong>sine</strong></span> <span class='ocrx_word' id='word_1_246' title='bbox 429 3023 482 3088; x_wconf 92' lang='lat' dir='ltr'><strong>illo</strong></span> <span class='ocrx_word' id='word_1_247' title='bbox 499 3045 591 3088; x_wconf 89' lang='lat' dir='ltr'><strong>nemo</strong></span> <span class='ocrx_word' id='word_1_248' title='bbox 609 3031 713 3109; x_wconf 90' lang='lat' dir='ltr'><strong>potest</strong></span> <span class='ocrx_word' id='word_1_249' title='bbox 732 3042 918 3108; x_wconf 82' lang='lat' dir='ltr'><strong>cognoscere</strong></span> <span class='ocrx_word' id='word_1_250' title='bbox 938 3022 1052 3087; x_wconf 91' lang='lat' dir='ltr'><strong>Deum.</strong></span> <span class='ocrx_word' id='word_1_251' title='bbox 1102 3022 1235 3110; x_wconf 84' lang='lat' dir='ltr'><strong>Agnitio</strong></span> <span class='ocrx_word' id='word_1_252' title='bbox 1249 3022 1334 3086; x_wconf 91' lang='lat' dir='ltr'><strong>enim</strong></span> 
     </span>
     <span class='ocr_line' id='line_1_27' title="bbox 180 3123 1333 3212; baseline -0.001 -23"><span class='ocrx_word' id='word_1_253' title='bbox 180 3124 287 3189; x_wconf 89' lang='lat' dir='ltr'><strong>Patris</strong></span> <span class='ocrx_word' id='word_1_254' title='bbox 308 3125 426 3200; x_wconf 86' lang='lat' dir='ltr'><strong>Filius;</strong></span> <span class='ocrx_word' id='word_1_255' title='bbox 450 3124 570 3212; x_wconf 87' lang='lat' dir='ltr'><strong>agnitio</strong></span> <span class='ocrx_word' id='word_1_256' title='bbox 588 3133 694 3189; x_wconf 89' lang='lat' dir='ltr'><strong>autem</strong></span> <span class='ocrx_word' id='word_1_257' title='bbox 715 3123 788 3187; x_wconf 85' lang='lat' dir='ltr'><strong>Filii</strong></span> <span class='ocrx_word' id='word_1_258' title='bbox 804 3123 837 3187; x_wconf 91' lang='lat' dir='ltr'><strong>in</strong></span> <span class='ocrx_word' id='word_1_259' title='bbox 858 3123 965 3200; x_wconf 90' lang='lat' dir='ltr'><strong>Patre,</strong></span> <span class='ocrx_word' id='word_1_260' title='bbox 986 3131 1019 3188; x_wconf 91' lang='lat' dir='ltr'><strong>et</strong></span> <span class='ocrx_word' id='word_1_261' title='bbox 1036 3147 1091 3209; x_wconf 91' lang='lat' dir='ltr'><strong>per</strong></span> <span class='ocrx_word' id='word_1_262' title='bbox 1111 3123 1230 3188; x_wconf 90' lang='lat' dir='ltr'><strong>Filium</strong></span> <span class='ocrx_word' id='word_1_263' title='bbox 1249 3145 1333 3188; x_wconf 87' lang='lat' dir='ltr'><strong>reve·</strong></span> 
     </span>
    </p>
   </div>
   <div class='ocr_carea' id='block_1_9' title="bbox 179 3224 1481 3330">
    <p class='ocr_par' dir='ltr' id='par_1_11' title="bbox 179 3224 1481 3330">
     <span class='ocr_line' id='line_1_28' title="bbox 179 3224 1481 3330; baseline -0.001 -40"><span class='ocrx_word' id='word_1_264' title='bbox 179 3227 261 3292; x_wconf 88' lang='lat' dir='ltr'><strong>lata:</strong></span> <span class='ocrx_word' id='word_1_265' title='bbox 281 3235 314 3292; x_wconf 92' lang='lat' dir='ltr'><strong>et</strong></span> <span class='ocrx_word' id='word_1_266' title='bbox 338 3234 464 3313; x_wconf 89' lang='lat' dir='ltr'><strong>propter</strong></span> <span class='ocrx_word' id='word_1_267' title='bbox 484 3227 543 3292; x_wconf 90' lang='lat' dir='ltr'><strong>hoo</strong></span> <span class='ocrx_word' id='word_1_268' title='bbox 565 3226 720 3290; x_wconf 90' lang='lat' dir='ltr'><strong>Dominus</strong></span> <span class='ocrx_word' id='word_1_269' title='bbox 741 3225 883 3289; x_wconf 89' lang='lat' dir='ltr'><strong>dicebat:</strong></span> <span class='ocrx_word' id='word_1_270' title='bbox 911 3224 1010 3289; x_wconf 82' lang='lat' dir='ltr'><strong>Nemo</strong></span> <span class='ocrx_word' id='word_1_271' title='bbox 1035 3228 1178 3312; x_wconf 64' lang='lat' dir='ltr'><strong>cognorat</strong></span> <span class='ocrx_word' id='word_1_272' title='bbox 1198 3225 1331 3306; x_wconf 78' lang='lat' dir='ltr'><strong>Filimn,</strong></span> <span class='ocrx_word' id='word_1_273' title='bbox 1344 3243 1481 3330; x_wconf 44' lang='lat'><strong>33:¹37.</strong></span> 
     </span>
    </p>
   </div>
   <div class='ocr_carea' id='block_1_10' title="bbox 176 3458 1334 4663">
    <p class='ocr_par' dir='ltr' id='par_1_12' title="bbox 179 3458 1334 3604">
     <span class='ocr_line' id='line_1_29' title="bbox 229 3458 1331 3524; baseline 0.002 -15"><span class='ocrx_word' id='word_1_274' title='bbox 229 3458 412 3522; x_wconf 61' lang='lat' dir='ltr'><strong>Uscudamam,</strong></span> <span class='ocrx_word' id='word_1_275' title='bbox 432 3462 537 3523; x_wconf 82' lang='grc' dir='ltr'>Χριστὸν</span> <span class='ocrx_word' id='word_1_276' title='bbox 555 3461 649 3521; x_wconf 73' lang='grc' dir='ltr'>ἔφασαν</span> <span class='ocrx_word' id='word_1_277' title='bbox 669 3460 728 3522; x_wconf 72' lang='grc' dir='ltr'><strong>τάρ-</strong></span> <span class='ocrx_word' id='word_1_278' title='bbox 781 3459 921 3524; x_wconf 83' lang='lat' dir='ltr'><strong>Porphyry,</strong></span> <span class='ocrx_word' id='word_1_279' title='bbox 935 3459 1034 3511; x_wconf 81' lang='lat' dir='ltr'><strong>Eusnn.</strong></span> <span class='ocrx_word' id='word_1_280' title='bbox 1047 3459 1128 3524; x_wconf 73' lang='lat' dir='ltr'><strong>Pimp.</strong></span> <span class='ocrx_word' id='word_1_281' title='bbox 1142 3461 1183 3510; x_wconf 75' lang='lat' dir='ltr'><strong>m.</strong></span> <span class='ocrx_word' id='word_1_282' title='bbox 1194 3473 1218 3510; x_wconf 79' lang='grc' dir='ltr'><strong>ν.</strong></span> <span class='ocrx_word' id='word_1_283' title='bbox 1234 3475 1254 3521; x_wconf 85' lang='lat'><strong>1,</strong></span> <span class='ocrx_word' id='word_1_284' title='bbox 1269 3459 1292 3521; x_wconf 88' lang='lat'><strong>6,</strong></span> <span class='ocrx_word' id='word_1_285' title='bbox 1308 3461 1331 3511; x_wconf 85' lang='lat'><strong>8.</strong></span> 
     </span>
     <span class='ocr_line' id='line_1_30' title="bbox 179 3541 1334 3604; baseline 0.001 -15"><span class='ocrx_word' id='word_1_286' title='bbox 179 3543 337 3590; x_wconf 71' lang='grc' dir='ltr'><strong>οντωαίποῦ.</strong></span> <span class='ocrx_word' id='word_1_287' title='bbox 829 3541 955 3604; x_wconf 71' lang='lat' dir='ltr'><strong>⁴altipeta</strong></span> <span class='ocrx_word' id='word_1_288' title='bbox 973 3542 1150 3604; x_wconf 65' lang='lat' dir='ltr'><strong>mthtcmionia</strong></span> <span class='ocrx_word' id='word_1_289' title='bbox 1178 3545 1222 3592; x_wconf 74' lang='grc' dir='ltr'><strong>τὰς</strong></span> <span class='ocrx_word' id='word_1_290' title='bbox 1242 3543 1295 3591; x_wconf 81' lang='grc' dir='ltr'>καθ’</span> <span class='ocrx_word' id='word_1_291' title='bbox 1308 3545 1334 3591; x_wconf 77' lang='grc' dir='ltr'><strong>ἓν</strong></span> 
     </span>
    </p>

    <p class='ocr_par' dir='ltr' id='par_1_13' title="bbox 176 3620 1334 4090">
     <span class='ocr_line' id='line_1_31' title="bbox 228 3620 1333 3688; baseline 0.005 -19"><span class='ocrx_word' id='word_1_292' title='bbox 228 3620 240 3652; x_wconf 89' lang='lat'><strong>¹</strong></span> <span class='ocrx_word' id='word_1_293' title='bbox 255 3621 307 3670; x_wconf 81' lang='lat' dir='ltr'><strong>The</strong></span> <span class='ocrx_word' id='word_1_294' title='bbox 318 3623 367 3671; x_wconf 85' lang='lat' dir='ltr'><strong>five</strong></span> <span class='ocrx_word' id='word_1_295' title='bbox 378 3622 504 3686; x_wconf 80' lang='lat' dir='ltr'><strong>following</strong></span> <span class='ocrx_word' id='word_1_296' title='bbox 513 3624 592 3672; x_wconf 86' lang='lat' dir='ltr'><strong>words</strong></span> <span class='ocrx_word' id='word_1_297' title='bbox 603 3639 645 3671; x_wconf 85' lang='lat' dir='ltr'><strong>are</strong></span> <span class='ocrx_word' id='word_1_298' title='bbox 655 3637 727 3686; x_wconf 87' lang='lat' dir='ltr'><strong>gene·</strong></span> <span class='ocrx_word' id='word_1_299' title='bbox 780 3629 910 3687; x_wconf 73' lang='grc' dir='ltr'>μαρτυρίας</span> <span class='ocrx_word' id='word_1_300' title='bbox 924 3626 1003 3674; x_wconf 87' lang='lat' dir='ltr'><strong>either</strong></span> <span class='ocrx_word' id='word_1_301' title='bbox 1018 3641 1068 3674; x_wconf 86' lang='lat' dir='ltr'><strong>was</strong></span> <span class='ocrx_word' id='word_1_302' title='bbox 1083 3625 1142 3673; x_wconf 89' lang='lat' dir='ltr'><strong>read</strong></span> <span class='ocrx_word' id='word_1_303' title='bbox 1153 3625 1185 3688; x_wconf 80' lang='lat' dir='ltr'><strong>by</strong></span> <span class='ocrx_word' id='word_1_304' title='bbox 1199 3627 1242 3673; x_wconf 87' lang='lat' dir='ltr'><strong>the</strong></span> <span class='ocrx_word' id='word_1_305' title='bbox 1253 3629 1333 3674; x_wconf 73' lang='lat' dir='ltr'><strong>oam-</strong></span> 
     </span>
     <span class='ocr_line' id='line_1_32' title="bbox 179 3703 1334 3768; baseline 0.003 -17"><span class='ocrx_word' id='word_1_306' title='bbox 179 3703 242 3766; x_wconf 83' lang='lat' dir='ltr'><strong>rally</strong></span> <span class='ocrx_word' id='word_1_307' title='bbox 259 3704 354 3752; x_wconf 87' lang='lat' dir='ltr'><strong>treated</strong></span> <span class='ocrx_word' id='word_1_308' title='bbox 372 3720 399 3752; x_wconf 81' lang='lat' dir='ltr'><strong>as</strong></span> <span class='ocrx_word' id='word_1_309' title='bbox 417 3705 490 3768; x_wconf 82' lang='lat' dir='ltr'><strong>gloss,</strong></span> <span class='ocrx_word' id='word_1_310' title='bbox 513 3705 559 3753; x_wconf 90' lang='lat' dir='ltr'><strong>but</strong></span> <span class='ocrx_word' id='word_1_311' title='bbox 577 3705 618 3753; x_wconf 87' lang='lat' dir='ltr'><strong>the</strong></span> <span class='ocrx_word' id='word_1_312' title='bbox 638 3705 729 3752; x_wconf 83' lang='lat' dir='ltr'><strong>author</strong></span> <span class='ocrx_word' id='word_1_313' title='bbox 779 3705 845 3754; x_wconf 88' lang='lat' dir='ltr'><strong>lator</strong></span> <span class='ocrx_word' id='word_1_314' title='bbox 859 3722 886 3754; x_wconf 85' lang='lat' dir='ltr'><strong>as</strong></span> <span class='ocrx_word' id='word_1_315' title='bbox 899 3707 969 3755; x_wconf 78' lang='grc' dir='ltr'>τὰ...</span> <span class='ocrx_word' id='word_1_316' title='bbox 978 3742 986 3766; x_wconf 87' lang='lat'><strong>,</strong></span> <span class='ocrx_word' id='word_1_317' title='bbox 999 3722 1027 3754; x_wconf 93' lang='lat' dir='ltr'><strong>or</strong></span> <span class='ocrx_word' id='word_1_318' title='bbox 1041 3704 1152 3767; x_wconf 65' lang='grc' dir='ltr'><strong>εἰηριιῑω</strong></span> <span class='ocrx_word' id='word_1_319' title='bbox 1162 3704 1334 3766; x_wconf 76' lang='lat' dir='ltr'><strong>testificationes</strong></span> 
     </span>
     <span class='ocr_line' id='line_1_33' title="bbox 178 3783 1332 3848; baseline 0.003 -18"><span class='ocrx_word' id='word_1_320' title='bbox 178 3783 273 3846; x_wconf 81' lang='lat' dir='ltr'><strong>haring</strong></span> <span class='ocrx_word' id='word_1_321' title='bbox 293 3787 332 3830; x_wconf 85' lang='lat' dir='ltr'><strong>set</strong></span> <span class='ocrx_word' id='word_1_322' title='bbox 353 3783 424 3831; x_wconf 83' lang='lat' dir='ltr'><strong>down</strong></span> <span class='ocrx_word' id='word_1_323' title='bbox 447 3800 463 3832; x_wconf 89' lang='lat' dir='ltr'><strong>a</strong></span> <span class='ocrx_word' id='word_1_324' title='bbox 484 3783 532 3832; x_wconf 84' lang='lat' dir='ltr'><strong>less</strong></span> <span class='ocrx_word' id='word_1_325' title='bbox 553 3784 627 3832; x_wconf 87' lang='lat' dir='ltr'><strong>usual</strong></span> <span class='ocrx_word' id='word_1_326' title='bbox 649 3783 727 3844; x_wconf 85' lang='lat' dir='ltr'><strong>word,</strong></span> <span class='ocrx_word' id='word_1_327' title='bbox 780 3786 888 3835; x_wconf 84' lang='lat' dir='ltr'><strong>written.</strong></span> <span class='ocrx_word' id='word_1_328' title='bbox 925 3787 1020 3835; x_wconf 70' lang='lat' dir='ltr'><strong>Graan</strong></span> <span class='ocrx_word' id='word_1_329' title='bbox 1043 3783 1114 3834; x_wconf 85' lang='lat' dir='ltr'><strong>reads</strong></span> <span class='ocrx_word' id='word_1_330' title='bbox 1135 3783 1227 3848; x_wconf 54' lang='lat' dir='ltr'><strong>abillo,</strong></span> <span class='ocrx_word' id='word_1_331' title='bbox 1252 3791 1278 3834; x_wconf 92' lang='lat' dir='ltr'><strong>to</strong></span> <span class='ocrx_word' id='word_1_332' title='bbox 1301 3785 1332 3834; x_wconf 91' lang='lat' dir='ltr'><strong>be</strong></span> 
     </span>
     <span class='ocr_line' id='line_1_34' title="bbox 178 3863 1332 3930; baseline 0.003 -20"><span class='ocrx_word' id='word_1_333' title='bbox 178 3863 290 3926; x_wconf 86' lang='lat' dir='ltr'><strong>explains</strong></span> <span class='ocrx_word' id='word_1_334' title='bbox 309 3865 342 3922; x_wconf 89' lang='lat' dir='ltr'><strong>it;</strong></span> <span class='ocrx_word' id='word_1_335' title='bbox 360 3865 406 3913; x_wconf 77' lang='grc' dir='ltr'><strong>ὑπὸ</strong></span> <span class='ocrx_word' id='word_1_336' title='bbox 424 3865 520 3913; x_wconf 74' lang='grc' dir='ltr'><strong><em>πάντων</em></strong></span> <span class='ocrx_word' id='word_1_337' title='bbox 534 3867 644 3927; x_wconf 78' lang='grc' dir='ltr'><strong><em>κνρῶται,</em></strong></span> <span class='ocrx_word' id='word_1_338' title='bbox 660 3867 729 3913; x_wconf 69' lang='grc' dir='ltr'><strong>τούν·</strong></span> <span class='ocrx_word' id='word_1_339' title='bbox 780 3868 806 3916; x_wconf 93' lang='lat' dir='ltr'><strong>in</strong></span> <span class='ocrx_word' id='word_1_340' title='bbox 820 3868 929 3930; x_wconf 87' lang='lat' dir='ltr'><strong>kecping</strong></span> <span class='ocrx_word' id='word_1_341' title='bbox 944 3868 1007 3916; x_wconf 83' lang='lat' dir='ltr'><strong>with</strong></span> <span class='ocrx_word' id='word_1_342' title='bbox 1024 3866 1184 3928; x_wconf 76' lang='lat' dir='ltr'><strong>aiprrautihus,</strong></span> <span class='ocrx_word' id='word_1_343' title='bbox 1202 3867 1283 3914; x_wconf 86' lang='lat' dir='ltr'><strong>which</strong></span> <span class='ocrx_word' id='word_1_344' title='bbox 1300 3868 1332 3914; x_wconf 90' lang='lat' dir='ltr'><strong>he</strong></span> 
     </span>
     <span class='ocr_line' id='line_1_35' title="bbox 178 3944 1332 4010; baseline 0.003 -18"><span class='ocrx_word' id='word_1_345' title='bbox 178 3961 244 3993; x_wconf 82' lang='grc' dir='ltr'>εστιν</span> <span class='ocrx_word' id='word_1_346' title='bbox 256 3944 301 3992; x_wconf 75' lang='grc' dir='ltr'><strong>ὑπὸ</strong></span> <span class='ocrx_word' id='word_1_347' title='bbox 314 3946 560 4008; x_wconf 70' lang='grc' dir='ltr'><strong><em>πάπωνβεβαιῶται,</em></strong></span> <span class='ocrx_word' id='word_1_348' title='bbox 576 3946 729 3995; x_wconf 74' lang='grc' dir='ltr'><strong>ὑπὸπάντων</strong></span> <span class='ocrx_word' id='word_1_349' title='bbox 780 3954 885 3997; x_wconf 80' lang='lat' dir='ltr'><strong>restores</strong></span> <span class='ocrx_word' id='word_1_350' title='bbox 906 3949 971 3996; x_wconf 80' lang='lat' dir='ltr'><strong>from</strong></span> <span class='ocrx_word' id='word_1_351' title='bbox 997 3947 1039 3996; x_wconf 87' lang='lat' dir='ltr'><strong>the</strong></span> <span class='ocrx_word' id='word_1_352' title='bbox 1061 3948 1113 3995; x_wconf 71' lang='lat' dir='ltr'><strong>Aa.</strong></span> <span class='ocrx_word' id='word_1_353' title='bbox 1140 3947 1208 4006; x_wconf 78' lang='lat' dir='ltr'><strong>MS,</strong></span> <span class='ocrx_word' id='word_1_354' title='bbox 1235 3947 1332 4010; x_wconf 88' lang='lat' dir='ltr'><strong>though</strong></span> 
     </span>
     <span class='ocr_line' id='line_1_36' title="bbox 176 4026 1333 4090; baseline 0 -14"><span class='ocrx_word' id='word_1_355' title='bbox 176 4027 291 4088; x_wconf 77' lang='grc' dir='ltr'>λαβοῦσα</span> <span class='ocrx_word' id='word_1_356' title='bbox 301 4028 346 4085; x_wconf 74' lang='grc' dir='ltr'><strong>τὴν</strong></span> <span class='ocrx_word' id='word_1_357' title='bbox 356 4028 494 4089; x_wconf 68' lang='grc' dir='ltr'><strong>μαρτυρίαν,</strong></span> <span class='ocrx_word' id='word_1_358' title='bbox 510 4030 584 4076; x_wconf 86' lang='grc' dir='ltr'>κ.τ.λ.</span> <span class='ocrx_word' id='word_1_359' title='bbox 781 4029 981 4088; x_wconf 62' lang='lat' dir='ltr'><strong>mammaeam</strong></span> <span class='ocrx_word' id='word_1_360' title='bbox 1004 4029 1073 4076; x_wconf 86' lang='lat' dir='ltr'><strong>there</strong></span> <span class='ocrx_word' id='word_1_361' title='bbox 1094 4026 1220 4075; x_wconf 85' lang='lat' dir='ltr'><strong>indicated</strong></span> <span class='ocrx_word' id='word_1_362' title='bbox 1239 4027 1333 4090; x_wconf 89' lang='lat' dir='ltr'><strong>hythe</strong></span> 
     </span>
    </p>

    <p class='ocr_par' dir='ltr' id='par_1_14' title="bbox 178 4104 1333 4663">
     <span class='ocr_line' id='line_1_37' title="bbox 228 4104 1333 4172; baseline 0.003 -18"><span class='ocrx_word' id='word_1_363' title='bbox 228 4104 239 4137; x_wconf 79' lang='lat'>³</span> <span class='ocrx_word' id='word_1_364' title='bbox 256 4106 420 4155; x_wconf 75' lang='lat' dir='ltr'><strong>Faunnnnnn</strong></span> <span class='ocrx_word' id='word_1_365' title='bbox 436 4109 497 4157; x_wconf 87' lang='lat' dir='ltr'><strong>cites</strong></span> <span class='ocrx_word' id='word_1_366' title='bbox 513 4109 556 4156; x_wconf 89' lang='lat' dir='ltr'><strong>the</strong></span> <span class='ocrx_word' id='word_1_367' title='bbox 572 4107 687 4157; x_wconf 80' lang='lat' dir='ltr'><strong>doubtful</strong></span> <span class='ocrx_word' id='word_1_368' title='bbox 700 4123 729 4156; x_wconf 90' lang='lat' dir='ltr'><strong>or</strong></span> <span class='ocrx_word' id='word_1_369' title='bbox 780 4113 888 4158; x_wconf 83' lang='lat' dir='ltr'><strong>context</strong></span> <span class='ocrx_word' id='word_1_370' title='bbox 906 4107 959 4157; x_wconf 81' lang='lat' dir='ltr'><strong>The</strong></span> <span class='ocrx_word' id='word_1_371' title='bbox 966 4108 1137 4171; x_wconf 67' lang='lat' dir='ltr'><strong>Onnumcopy</strong></span> <span class='ocrx_word' id='word_1_372' title='bbox 1145 4107 1333 4172; x_wconf 78' lang='lat' dir='ltr'><strong>unfortunately</strong></span> 
     </span>
     <span class='ocr_line' id='line_1_38' title="bbox 178 4188 1332 4252; baseline 0.002 -14"><span class='ocrx_word' id='word_1_373' title='bbox 178 4188 293 4252; x_wconf 83' lang='lat' dir='ltr'><strong>spurious</strong></span> <span class='ocrx_word' id='word_1_374' title='bbox 303 4189 457 4238; x_wconf 78' lang='lat' dir='ltr'><strong>testimonias</strong></span> <span class='ocrx_word' id='word_1_375' title='bbox 468 4191 497 4238; x_wconf 86' lang='lat' dir='ltr'><strong>ol</strong></span> <span class='ocrx_word' id='word_1_376' title='bbox 510 4189 654 4249; x_wconf 71' lang='lat' dir='ltr'><strong>domnos,</strong></span> <span class='ocrx_word' id='word_1_377' title='bbox 668 4189 727 4238; x_wconf 78' lang='lat' dir='ltr'><strong>Ant.</strong></span> <span class='ocrx_word' id='word_1_378' title='bbox 781 4193 855 4240; x_wconf 78' lang='lat' dir='ltr'><strong>omits</strong></span> <span class='ocrx_word' id='word_1_379' title='bbox 871 4197 892 4239; x_wconf 80' lang='lat' dir='ltr'><strong>et</strong></span> <span class='ocrx_word' id='word_1_380' title='bbox 904 4189 1061 4252; x_wconf 62' lang='lat' dir='ltr'><strong>squameus,</strong></span> <span class='ocrx_word' id='word_1_381' title='bbox 1075 4189 1127 4238; x_wconf 91' lang='lat' dir='ltr'><strong>and</strong></span> <span class='ocrx_word' id='word_1_382' title='bbox 1139 4189 1182 4238; x_wconf 84' lang='lat' dir='ltr'><strong>the</strong></span> <span class='ocrx_word' id='word_1_383' title='bbox 1196 4205 1270 4238; x_wconf 84' lang='lat' dir='ltr'><strong>seven</strong></span> <span class='ocrx_word' id='word_1_384' title='bbox 1287 4191 1332 4240; x_wconf 82' lang='lat' dir='ltr'><strong>lol-</strong></span> 
     </span>
     <span class='ocr_line' id='line_1_39' title="bbox 178 4268 974 4337; baseline 0.005 -19"><span class='ocrx_word' id='word_1_385' title='bbox 178 4281 257 4319; x_wconf 78' lang='lat' dir='ltr'><strong>mn.</strong></span> <span class='ocrx_word' id='word_1_386' title='bbox 270 4268 300 4330; x_wconf 87' lang='lat'><strong>6;</strong></span> <span class='ocrx_word' id='word_1_387' title='bbox 316 4271 359 4319; x_wconf 87' lang='lat' dir='ltr'><strong>tha</strong></span> <span class='ocrx_word' id='word_1_388' title='bbox 372 4271 436 4320; x_wconf 79' lang='lat' dir='ltr'><strong>Aeto</strong></span> <span class='ocrx_word' id='word_1_389' title='bbox 450 4269 530 4320; x_wconf 67' lang='lat' dir='ltr'><strong>Pizus·</strong></span> <span class='ocrx_word' id='word_1_390' title='bbox 545 4286 573 4319; x_wconf 82' lang='lat' dir='ltr'><strong>aa</strong></span> <span class='ocrx_word' id='word_1_391' title='bbox 591 4270 684 4333; x_wconf 79' lang='lat' dir='ltr'><strong>quoted</strong></span> <span class='ocrx_word' id='word_1_392' title='bbox 694 4271 729 4335; x_wconf 84' lang='lat' dir='ltr'><strong>by</strong></span> <span class='ocrx_word' id='word_1_393' title='bbox 780 4273 873 4337; x_wconf 81' lang='lat' dir='ltr'><strong>lewing</strong></span> <span class='ocrx_word' id='word_1_394' title='bbox 887 4271 974 4322; x_wconf 86' lang='lat' dir='ltr'><strong>words.</strong></span> 
     </span>
     <span class='ocr_line' id='line_1_40' title="bbox 178 4350 1314 4418; baseline 0 -16"><span class='ocrx_word' id='word_1_395' title='bbox 178 4352 357 4414; x_wconf 69' lang='lat' dir='ltr'><strong>Turum,</strong></span> <span class='ocrx_word' id='word_1_396' title='bbox 371 4353 444 4416; x_wconf 77' lang='lat' dir='ltr'><strong>Apol.</strong></span> <span class='ocrx_word' id='word_1_397' title='bbox 458 4367 502 4412; x_wconf 64' lang='grc' dir='ltr'><strong>πη</strong></span> <span class='ocrx_word' id='word_1_398' title='bbox 519 4352 730 4416; x_wconf 83' lang='lat' dir='ltr'><strong>thelalsoGospel</strong></span> <span class='ocrx_word' id='word_1_399' title='bbox 830 4350 841 4384; x_wconf 75' lang='lat'>⁸</span> <span class='ocrx_word' id='word_1_400' title='bbox 858 4353 949 4415; x_wconf 73' lang='grc' dir='ltr'><strong><em>ἐχθρὸς,</em></strong></span> <span class='ocrx_word' id='word_1_401' title='bbox 964 4351 1107 4414; x_wconf 72' lang='grc' dir='ltr'><strong><em>ὁδιάβολος,</em></strong></span> <span class='ocrx_word' id='word_1_402' title='bbox 1120 4351 1198 4400; x_wconf 84' lang='lat' dir='ltr'><strong>Matt.</strong></span> <span class='ocrx_word' id='word_1_403' title='bbox 1210 4351 1261 4402; x_wconf 82' lang='lat' dir='ltr'><strong>xiii.</strong></span> <span class='ocrx_word' id='word_1_404' title='bbox 1275 4365 1314 4418; x_wconf 78' lang='lat'><strong>39.</strong></span> 
     </span>
     <span class='ocr_line' id='line_1_41' title="bbox 179 4431 1331 4499; baseline 0.002 -17"><span class='ocrx_word' id='word_1_405' title='bbox 179 4433 209 4482; x_wconf 80' lang='lat' dir='ltr'><strong>ol</strong></span> <span class='ocrx_word' id='word_1_406' title='bbox 215 4433 430 4490; x_wconf 69' lang='lat' dir='ltr'><strong>Nicodcrarurthe</strong></span> <span class='ocrx_word' id='word_1_407' title='bbox 440 4435 487 4498; x_wconf 78' lang='lat' dir='ltr'><strong>Bp.</strong></span> <span class='ocrx_word' id='word_1_408' title='bbox 496 4435 525 4484; x_wconf 83' lang='lat' dir='ltr'><strong>of</strong></span> <span class='ocrx_word' id='word_1_409' title='bbox 533 4435 659 4498; x_wconf 78' lang='lat' dir='ltr'><strong>Abgaroa,</strong></span> <span class='ocrx_word' id='word_1_410' title='bbox 667 4435 730 4499; x_wconf 89' lang='lat' dir='ltr'><strong>king</strong></span> <span class='ocrx_word' id='word_1_411' title='bbox 829 4431 897 4482; x_wconf 69' lang='lat' dir='ltr'><strong>⁶On</strong></span> <span class='ocrx_word' id='word_1_412' title='bbox 912 4433 956 4482; x_wconf 86' lang='lat' dir='ltr'><strong>the</strong></span> <span class='ocrx_word' id='word_1_413' title='bbox 972 4432 1158 4482; x_wconf 86' lang='lat' dir='ltr'><strong>subordination</strong></span> <span class='ocrx_word' id='word_1_414' title='bbox 1179 4433 1331 4484; x_wconf 70' lang='lat' dir='ltr'><strong>ottheson</strong></span> 
     </span>
     <span class='ocr_line' id='line_1_42' title="bbox 179 4513 1333 4578; baseline -0.001 -15"><span class='ocrx_word' id='word_1_415' title='bbox 179 4515 209 4564; x_wconf 79' lang='lat' dir='ltr'><strong>ot</strong></span> <span class='ocrx_word' id='word_1_416' title='bbox 223 4515 325 4576; x_wconf 75' lang='lat' dir='ltr'><strong>Edessa,</strong></span> <span class='ocrx_word' id='word_1_417' title='bbox 338 4521 365 4566; x_wconf 84' lang='lat' dir='ltr'><strong>tc</strong></span> <span class='ocrx_word' id='word_1_418' title='bbox 380 4516 472 4578; x_wconf 81' lang='lat' dir='ltr'><strong>Christ,</strong></span> <span class='ocrx_word' id='word_1_419' title='bbox 487 4515 550 4566; x_wconf 86' lang='lat' dir='ltr'><strong>with</strong></span> <span class='ocrx_word' id='word_1_420' title='bbox 566 4516 609 4566; x_wconf 88' lang='lat' dir='ltr'><strong>tha</strong></span> <span class='ocrx_word' id='word_1_421' title='bbox 624 4531 727 4578; x_wconf 67' lang='lat' dir='ltr'><strong>answen</strong></span> <span class='ocrx_word' id='word_1_422' title='bbox 782 4519 809 4564; x_wconf 86' lang='lat' dir='ltr'><strong>to</strong></span> <span class='ocrx_word' id='word_1_423' title='bbox 820 4516 863 4565; x_wconf 83' lang='lat' dir='ltr'><strong>the</strong></span> <span class='ocrx_word' id='word_1_424' title='bbox 874 4515 975 4576; x_wconf 83' lang='lat' dir='ltr'><strong>Father,</strong></span> <span class='ocrx_word' id='word_1_425' title='bbox 990 4515 1033 4564; x_wconf 84' lang='lat' dir='ltr'><strong>the</strong></span> <span class='ocrx_word' id='word_1_426' title='bbox 1049 4513 1136 4564; x_wconf 77' lang='lat' dir='ltr'><strong>reader-</strong></span> <span class='ocrx_word' id='word_1_427' title='bbox 1148 4529 1207 4578; x_wconf 83' lang='lat' dir='ltr'><strong>may</strong></span> <span class='ocrx_word' id='word_1_428' title='bbox 1218 4529 1333 4578; x_wconf 81' lang='lat' dir='ltr'><strong>compare</strong></span> 
     </span>
     <span class='ocr_line' id='line_1_43' title="bbox 181 4594 1297 4663; baseline 0.001 -20"><span class='ocrx_word' id='word_1_429' title='bbox 181 4595 245 4645; x_wconf 82' lang='lat' dir='ltr'><strong>Eur.</strong></span> <span class='ocrx_word' id='word_1_430' title='bbox 259 4595 294 4645; x_wconf 82' lang='lat' dir='ltr'><strong>H.</strong></span> <span class='ocrx_word' id='word_1_431' title='bbox 305 4596 334 4646; x_wconf 80' lang='lat' dir='ltr'><strong>E.</strong></span> <span class='ocrx_word' id='word_1_432' title='bbox 348 4609 366 4646; x_wconf 92' lang='lat'><strong>1.</strong></span> <span class='ocrx_word' id='word_1_433' title='bbox 379 4611 407 4660; x_wconf 82' lang='lat'><strong>13</strong></span> <span class='ocrx_word' id='word_1_434' title='bbox 415 4615 423 4658; x_wconf 89' lang='lat'>;</span> <span class='ocrx_word' id='word_1_435' title='bbox 437 4613 465 4646; x_wconf 81' lang='lat' dir='ltr'><strong>as</strong></span> <span class='ocrx_word' id='word_1_436' title='bbox 476 4597 528 4648; x_wconf 82' lang='lat' dir='ltr'><strong>also</strong></span> <span class='ocrx_word' id='word_1_437' title='bbox 538 4613 655 4663; x_wconf 79' lang='lat' dir='ltr'><strong>passages</strong></span> <span class='ocrx_word' id='word_1_438' title='bbox 665 4597 731 4648; x_wconf 82' lang='lat' dir='ltr'><strong>from</strong></span> <span class='ocrx_word' id='word_1_439' title='bbox 784 4595 833 4647; x_wconf 62' lang='grc' dir='ltr'><strong>Νι</strong></span> <span class='ocrx_word' id='word_1_440' title='bbox 845 4597 938 4658; x_wconf 65' lang='lat' dir='ltr'><strong>thama</strong></span> <span class='ocrx_word' id='word_1_441' title='bbox 950 4612 993 4661; x_wconf 90' lang='lat' dir='ltr'><strong>pp.</strong></span> <span class='ocrx_word' id='word_1_442' title='bbox 1009 4594 1144 4660; x_wconf 76' lang='lat'><strong>136-140,</strong></span> <span class='ocrx_word' id='word_1_443' title='bbox 1158 4607 1297 4658; x_wconf 72' lang='lat'><strong>415-420.</strong></span> 
     </span>
    </p>
   </div>
   <div class='ocr_carea' id='block_1_11' title="bbox 0 0 1675 5070">
    <p class='ocr_par' dir='ltr' id='par_1_15' title="bbox 0 0 1675 5070">
     <span class='ocr_line' id='line_1_44' title="bbox 0 0 1675 5070; baseline 0 0"><span class='ocrx_word' id='word_1_444' title='bbox 0 0 1675 5070; x_wconf 95' lang='lat' dir='ltr'><strong> </strong></span> 
     </span>
    </p>
   </div>
  </div>
 </body>
</html>
