3270 5080
414 407 455 478 ιιι
483 406 559 470 cuo
582 406 708 460 aaran
733 407 1027 462 cnonrrrcarun.
1230 395 1296 462 201

1333 583 1394 668 ΜΒ.ἰ
1399 583 1437 623 lV.

587 619 688 684 oar.
711 617 856 684 xxm.
1335 633 1431 760 Ἦ.

145 741 206 817 Do
229 741 426 841 sacrefictis
449 754 481 816 et
503 739 750 834 oblationibus,
771 753 803 816 et
821 739 885 841 qui
906 754 988 818 aunt
1006 740 1071 840 qui
1091 741 1298 825 inveritate
1321 723 1449 854 ”Vlll‘

634 857 798 954 ffleruut.
1310 885 1458 902 --*

50 1013 79 1052 u.
91 1014 131 1052 aa.
212 996 241 1058 1.
289 992 413 1055 Iamna
426 989 576 1056 Ecclesiae
594 990 720 1067 oblatio,
736 1011 830 1075 quam
852 989 1007 1055 Dominus
1027 989 1132 1055 docuit
1149 989 1251 1054 offerri
1265 990 1298 1054 in

145 1095 287 1160 universo
301 1095 428 1173 mundo,
444 1093 569 1179 ¹purum
581 1093 765 1158 sacrificium
776 1101 953 1178 reputatum
967 1103 1016 1158 est
1035 1093 1117 1178 apud
1136 1093 1249 1171 Deum,
1264 1104 1298 1164 et

144 1206 311 1283 acceptum
324 1205 373 1261 est
388 1195 436 1260 ei:
460 1217 523 1260 non
538 1195 621 1282 quod
639 1195 778 1282 indigeat
792 1217 812 1259 a
826 1195 916 1260 nohis
933 1195 1128 1272 sacrificium,
1147 1195 1203 1259 sed
1223 1218 1298 1282 quo-

145 1302 229 1365 niam
244 1300 272 1365 is
287 1299 339 1387 qui
354 1299 454 1378 offert,
469 1298 661 1386 glorificatur
674 1297 785 1384 ipsein
800 1320 837 1363 eo
852 1299 935 1384 quod
947 1298 1047 1378 offert,
1062 1298 1089 1363 si
1104 1298 1299 1384 ²acceptetur

146 1427 260 1470 munus
274 1405 352 1489 ejus.
392 1405 455 1468 Per
472 1425 589 1468 munus
607 1402 692 1468 enim
711 1424 787 1489 erga
813 1424 928 1488 regem,
948 1409 983 1466 ct
1001 1401 1111 1480 honos,
1127 1411 1160 1465 et
1173 1401 1298 1466 affectio

146 1509 337 1574 ostenditur:
369 1507 490 1593 quod
481 1529 514 1571 m
543 1507 627 1572 omni
652 1506 851 1592 simplicitate
880 1515 913 1570 et
941 1505 1118 1572 innocentia
1144 1505 1298 1571 Dominus

147 1611 253 1676 volens
273 1633 331 1674 nos
354 1610 473 1688 offerre,
502 1608 680 1696 praedicavit
701 1609 825 1674 dicens:
860 1609 935 1672 Oura
963 1607 1060 1695 ipr'tm
1083 1609 1171 1692 ‹rffm
1190 1629 1298 1672 manaa
1311 1627 1394 1667 ιιιιιι
1381 1629 1438 1674 aaa

48 1743 73 1783 o.
82 1743 124 1782 am.
147 1723 233 1778 taum
255 1714 301 1778 ad
324 1714 434 1789 altura,
458 1722 486 1778 ct
511 1713 684 1778 recordatae
697 1713 813 1796 fucris,
833 1711 977 1798 quoniam
992 1714 1103 1797 frater·
1125 1721 1194 1776 turta
1212 1677 1341 1776 liniet²⁴

146 1819 273 1907 aliquid
284 1821 445 1885 adamam
459 1829 496 1897 to,
515 1821 632 1885 dimitte
650 1841 758 1884 muruco
774 1829 860 1886 tuum
874 1830 945 1884 auto
962 1820 1074 1899 altare,
1094 1829 1123 1885 ct
1137 1819 1214 1884 eodo
1226 1820 1298 1906 pri-

145 1947 227 1988 mum
247 1923 442 1989 reconciliari
454 1925 561 2008 fratri
582 1933 640 2000 tuo,
662 1934 690 1990 ct
706 1935 776 1990 tuno
798 1945 934 1989 reversus
955 1926 1056 2007 offarm
1077 1945 1184 1988 munus
1205 1934 1298 1992 traam.

148 2027 266 2092 Offerre
280 2027 376 2114 igitur
389 2034 512 2112 oportet
524 2027 593 2091 Deo
605 2026 756 2112 primitias
770 2029 837 2113 ejus
853 2036 1013 2106 creatura,
1029 2027 1110 2092 sicut
1121 2035 1154 2092 et
1170 2028 1300 2113 Moyses

147 2129 210 2195 ait:
227 2131 301 2193 Noa
314 2127 477 2215 apparebis
491 2149 603 2193 occasu
617 2138 687 2193 cate
705 2139 888 2214 conspectum
901 2129 1031 2193 Domini
1040 2130 1104 2193 Dco‘
1118 2131 1165 2194 tui
1173 2155 1185 2204 ;
1201 2129 1252 2194 ³ut
1266 2129 1300 2192 in
1312 2141 1373 2182 naut
1382 2140 1424 2190 xa
1434 2141 1461 2179 ¹⁶·

145 2233 259 2320 quihus
278 2242 386 2318 gratus
407 2231 530 2296 exstitit
550 2232 653 2310 homo,
679 2231 712 2295 ln
740 2231 790 2296 his
810 2241 919 2318 gratus
944 2232 1006 2297 ’eis
1026 2233 1205 2318 deputatus,
1226 2254 1300 2297 eum

148 2336 200 2422 qui
215 2343 264 2400 est
278 2336 318 2399 ab
332 2355 370 2399 eo
384 2333 533 2418 percipiat
547 2333 707 2398 honorem.
742 2333 787 2397 Et
801 2356 863 2398 nou
878 2356 977 2420 genus
991 2333 1182 2398 oblationum
1197 2357 1301 2420 repro-

147 2439 255 2502 batum
282 2443 347 2510 eet;
375 2433 548 2522 oblationes
570 2435 654 2499 enim
682 2442 716 2499 et
743 2435 815 2512 illic,
842 2435 1015 2500 oblationes
1040 2444 1146 2500 autem
1168 2447 1202 2501 et
1231 2436 1299 2502 hic:

147 2537 299 2604 sacrificia
313 2535 346 2598 in
360 2535 482 2621 populo,
495 2535 647 2600 sacrificia
656 2536 706 2600 ⁴et
720 2536 753 2600 in
763 2536 922 2601 Ecclesia:
939 2537 994 2602 sed
1006 2537 1125 2623 species
1137 2529 1302 2603 immutata

147 2649 197 2706 est
211 2647 344 2716 tantum,
360 2637 473 2722 quippe
491 2661 562 2702 cum
578 2639 645 2722 jam
659 2640 737 2703 ⁵non
752 2661 771 2703 a
785 2637 892 2717 servis,
913 2641 969 2705 sed
988 2661 1008 2705 a
1021 2641 1126 2705 liberis
1144 2639 1300 2706 offeratur.

150 2743 244 2807 Unus
258 2739 340 2806 enim
357 2749 391 2805 et
408 2740 491 2804 idem
509 2739 683 2816 Dominus;
703 2740 862 2827 proprium
881 2751 987 2806 autem
1005 2743 1165 2808 character
1183 2742 1302 2808 servilis

147 2842 322 2921 oblationis,
338 2851 370 2907 et
384 2841 542 2928 proprimn
560 2842 735 2921 liberorum,
757 2842 803 2908 uti
816 2852 850 2908 et
864 2867 920 2932 per
934 2845 1106 2910 oblationes
1120 2845 1301 2910 ostendatur

147 2945 296 3010 indicium
317 2944 479 3010 libertatis.
526 2944 613 3009 Nihil
638 2945 722 3010 enim
743 2945 887 3025 otiosum,
905 2968 963 3013 nec
985 2947 1052 3012 sinc
1066 2947 1167 3034 signo,
1182 2947 1301 3033 ⁶neque
1336 2967 1340 2976 ·

146 3051 214 3116 sine
235 3055 419 3136 argumento
440 3049 524 3134 apud
544 3071 626 3114 cum.
666 3049 711 3114 Et
730 3058 859 3135 propter
877 3050 937 3116 hoc
959 3051 1003 3114 illi
1021 3051 1146 3136 quidem
1163 3051 1301 3115 decimae

146 3175 273 3218 suorum
293 3153 449 3219 habebant
463 3161 678 3218 consecratas:
703 3152 755 3236 qui
775 3160 881 3218 autem
899 3161 1100 3240 perceperunt
1115 3153 1299 3230 libertatem,

149 3257 253 3321 omnia
268 3279 337 3344 quse
351 3266 425 3322 sunt
439 3257 576 3342 ipsorum
590 3257 630 3320 ad
646 3255 817 3320 dominicos
829 3256 999 3321 decernunt
1017 3277 1100 3330 usus,
1116 3256 1254 3322 hilariter
1267 3265 1301 3321 et

139 3359 244 3426 libere
264 3361 375 3426 dantes
394 3382 442 3439 ea,
463 3382 527 3425 non
550 3381 620 3445 quae
642 3369 716 3424 sunt
738 3359 867 3436 minora,
891 3367 1000 3446 utpote
1021 3361 1190 3448 ⁷majorum
1213 3381 1301 3446 spem

149 3463 302 3528 habentes
320 3463 412 3530 vidua
431 3464 484 3528 illa
497 3472 530 3528 et
542 3465 692 3551 ⁷paupere
711 3462 778 3528 ⁸hic
795 3470 897 3528 totum
910 3464 1027 3529 uictum
1046 3487 1137 3530 suum
1153 3463 1301 3530 mittente
1314 3479 1445 3522 Lunata

147 3567 180 3630 in
193 3566 447 3654 gazophylacium
462 3567 534 3636 Dei.

195 3711 205 3742 ¹
220 3727 322 3774 parum,
332 3729 359 3761 aa
370 3712 399 3760 oi
406 3713 449 3762 the
456 3729 511 3775 vary
517 3713 625 3763 Pnochul
632 3713 697 3762 laath
748 3712 805 3762 Diu.
815 3729 836 3762 c.
848 3727 871 3762 a.
890 3713 970 3772 Quem
979 3717 1008 3762 tu
1016 3730 1069 3763 esse
1075 3715 1187 3764 hebetem
1195 3715 1300 3781 deputas

147 3794 254 3843 without
264 3799 322 3858 spot
333 3811 360 3843 or
371 3796 483 3845 blemish.
744 3811 952 3860 asqusacpoous.
968 3795 1058 3844 'Suum
1082 3797 1134 3846 Aa.
1153 3797 1280 3859 damma

195 3873 268 3926 ¹01..
281 3875 600 3938 qaodcoeeptamtoffaa.
793 3875 849 3937 tet,
864 3877 926 3937 Aa„
940 3881 985 3924 not
995 3876 1021 3924 in
1032 3876 1131 3927 theca
1145 3877 1281 3929 andVoss.
1349 3881 1352 3887 '

195 3954 207 3988 ⁸
223 3963 251 4005 ut
267 3956 288 4004 is
304 3957 408 4006 omitted
423 3957 457 4022 by
474 3959 518 4006 the
534 3958 633 4008 Ouum.
646 3958 696 4006 and
794 3958 879 4019 ¹⁵nora,
898 3957 1028 4021 carelesnly
1043 3957 1159 4022 dropped,
1173 3959 1274 4010 Omni.

145 4037 227 4087 Voss.
240 4036 329 4098 MSS„
341 4037 388 4087 but
399 4038 442 4088 tha
453 4039 505 4088 Aa.
518 4040 563 4088 has
573 4040 602 4089 it.
630 4039 664 4088 σὺ
674 4041 696 4090 is
794 4039 805 4072 ⁶
821 4056 902 4103 ncqru,
912 4039 1018 4089 omitted
1025 4039 1051 4088 in
1060 4040 1102 4088 tho
1112 4040 1156 4090 CI.
1167 4056 1194 4090 as
1201 4043 1298 4107 though

143 4119 204 4170 read
223 4119 249 4168 in
267 4118 301 4168 all
318 4119 361 4168 the
379 4119 465 4180 MSS„
484 4121 582 4184 though
601 4120 696 4169 Gitana
745 4122 796 4171 aaa
812 4129 952 4185 oryummo
969 4137 1032 4170 wore
1049 4121 1168 4172 frontus
1183 4127 1297 4190 margln;

142 4202 215 4251 reads
229 4201 258 4251 ei.
288 4201 343 4250 Erae
360 4217 419 4266 may
436 4202 500 4250 have
517 4202 579 4249 been
597 4202 695 4251 written
745 4219 786 4254 sea
801 4205 854 4268 189,
869 4219 892 4265 5.
921 4204 974 4252 Aa.
988 4203 1033 4252 has
1044 4203 1093 4251 riva
1102 4219 1155 4266 my.

142 4283 177 4347 by
198 4283 241 4331 the
263 4281 405 4330 translator.
452 4280 523 4339 Quod
540 4295 615 4344 porro
636 4281 697 4330 aiat
794 4283 873 4334 ⁷An.
885 4283 1006 4346 majoma,
1020 4283 1069 4332 and
1078 4299 1199 4347 praepara.

142 4365 279 4414 Massam.
293 4364 436 4429 deputatus,
451 4379 500 4426 pro
516 4368 653 4428 reputatus,
667 4363 697 4412 ld
794 4364 869 4416 ⁸lrs'c.
899 4367 932 4427 τῇ
948 4365 1004 4415 adu.
1024 4365 1064 4414 for
1077 4368 1128 4426 τῆς,
1149 4367 1175 4416 in
1195 4369 1239 4418 the
1254 4369 1298 4418 sol·

135 4444 236 4506 frama-c
246 4445 357 4496 omma.
386 4444 483 4494 Constat
493 4444 564 4505 caim,
577 4444 696 4509 deputare
744 4447 838 4511 lowing
855 4463 970 4511 passage:
996 4449 1039 4508 τῆς
1057 4449 1135 4510 χήρας
1153 4453 1243 4510 ταύτης
1259 4453 1299 4500 καὶ

140 4525 215 4574 etiam
231 4525 299 4574 honis
313 4525 471 4588 miptora'bus
482 4525 581 4576 solemne
595 4541 640 4576 ease
650 4525 696 4588 eiq-
746 4530 854 4590 πτωχῆς,
869 4531 912 4588 τῆς
929 4531 986 4576 ὅλον
1001 4530 1043 4578 τὸν
1058 4531 1112 4592 βίον
1128 4533 1200 4591 αὐτῆς
1210 4535 1298 4596 hahet

140 4605 361 4667 ιιῇωειινομίζειν,
375 4623 481 4670 censere,
493 4607 613 4670 judicare.
639 4608 693 4656 cm.
746 4629 797 4671 σης.

245 4712 319 4757 vor..
339 4713 372 4757 ιι.
1152 4704 1194 4764 13
