3270 5116
604 373 851 430 runeununn.
1236 361 1303 432 475

151 536 321 616 cavilletur
348 535 391 610 είς·
413 529 457 606 τὸ
485 533 667 617 μετέπειτα
694 534 931 617 πεποιηκότων·
960 533 1015 604 καί
1040 531 1130 606 οὐδὲν
1154 533 1304 608 ἔλαττον

152 643 274 723 πάντες
302 646 396 718 οὗτοι
423 645 607 745 είρῆνευσᾶν
630 679 677 731 τε,
707 646 762 718 καί
791 647 989 746 ιῖρηνειίομον
1018 645 1102 746 πρὸς
1126 645 1303 731 ἀλλήλους·

151 759 244 841 καὶὴ
270 757 432 859 διαφωνία
452 767 510 841 τῆς
528 759 677 842 νηστείας
701 760 762 842 τὴν
785 752 961 843 8ὁμόνοιαν
984 766 1042 842 τῆς
1068 758 1212 836 πίστεως
1231 791 1305 832 συν-

151 871 280 954 ίστησι.
352 871 446 942 9Koi
467 875 501 942 οἱ
523 871 592 972 πρὸ
610 872 767 972 Σωτῆρος
786 874 1014 972 πρεσβύτεροι
1039 876 1072 944 oi
1093 870 1306 971 προστάντες

151 992 211 1066 τῆς
239 985 419 1070 ἐκκλησίας,
451 985 507 1078 9ᾗι
539 991 590 1057 νῦν
619 985 747 1084 ἆφηγῇ,
770 984 945 1068 Ἀνίκητον
969 986 1115 1076 λέγομεν
1133 985 1186 1057 καί
1207 986 1305 1070 Πίον,

150 1096 288 1189 Ὗγῖνιίν
307 1097 417 1168 τεκαὶ
438 1095 675 1196 Τελεσφόρον,
689 1098 743 1170 καί
760 1092 903 1182 Ξίστον,
923 1099 999 1170 οὔτε
1019 1097 1114 1170 αὐτοί
1132 1099 1304 1198 ἐτήρησαν,

153 1213 231 1281 οὔτε
248 1220 319 1286 τοῖς
337 1209 443 1293 ¹⁰yter’
464 1210 579 1286 αὐτοὺς
601 1211 795 1310 ἐπέτρεπον.
835 1210 907 1281 Καὶ
927 1207 1017 1282 οὐδὲν
1036 1211 1183 1283 ἔλαττον
1211 1213 1306 1284 αὐτοὶ

152 1323 198 1406 μὴ
220 1328 404 1422 τηροῦντος,
429 1324 587 1422 είρῆνιιιον
610 1333 683 1399 τοῖς
714 1321 784 1394 dard
809 1328 875 1395 τῶν
898 1328 1076 1422 παροικιῶν
1103 1325 1136 1394 ἐν
1159 1323 1209 1402 οἷς
1232 1325 1307 1407 ἔτη-

152 1445 256 1533 ριῖτο,
275 1435 464 1533 ἐρχομένοις
488 1433 573 1535 πρὸς
596 1435 720 1520 αὖτοὺς,
738 1435 847 1507 καίτοι
872 1439 1007 1520 μᾶλλον
1031 1433 1179 1508 ἐνιίντιον
1203 1436 1241 1520 ἧν
1263 1437 1307 1511 τὸ

153 1557 266 1645 τηρεῖν
295 1551 399 1624 ιοτοῖο
428 1547 473 1632 μὴ
503 1553 653 1647 τηροῦσι·
687 1546 741 1618 καί
766 1545 927 1620 οὐδέποτε
952 1545 1072 1621 διὰτὸ
1096 1547 1179 1627 elder
1201 1555 1306 1624 τοῦτο

153 1655 429 1748 ιι(ἰπεβλῆθησιίν
459 1691 553 1737 τινες.
609 1659 704 1731 Ἀλλ

154 1772 383 1872 πρεσβύτεροι
399 1783 472 1850 τοῖς
490 1771 559 1844 ἀπὸ
569 1777 637 1846 τῶν
650 1778 829 1873 παροικιῶν
844 1780 1002 1874 τηροῦσιν
1014 1777 1196 1860 ι“ἐ’πομπον
1210 1777 1307 1875 εὖχο-

152 1995 330 2084 ignorantia
349 2003 450 2061 ortam
470 1993 605 2083 sequiori
626 1996 715 2061 aetati
732 1995 939 2062 tradentibus.
984 1999 1093 2084 Atque
1107 1999 1308 2067 nihilominus

154 2121 263 2165 omnes
278 2099 329 2165 isti
341 2122 451 2186 pacem
465 2098 547 2164 inter
563 2121 598 2165 se
612 2099 785 2178 coluerunt,
801 2105 834 2164 et
848 2121 907 2165 nos
921 2099 1018 2166 etiam
1032 2123 1103 2166 eam
1117 2104 1305 2170 retinemus:

153 2201 259 2288 sicque
281 2201 459 2286 discrepans
476 2201 590 2288 jejunii
612 2201 693 2266 ratio
720 2199 918 2266 concordiam
947 2201 1021 2268 fidei
1046 2205 1305 2272 commendat.

154 2303 200 2368 Et
210 2303 389 2390 Presbyteri
400 2311 474 2368 ante
486 2303 638 2382 Soterem,
665 2301 696 2367 ui
707 2303 893 2383 Ecclesiam,
903 2303 954 2370 cui
963 2305 1030 2391 jam
1041 2307 1308 2394 praees,guberna-

153 2414 237 2484 runt,
248 2406 418 2471 Anicetum
426 2405 497 2470 dieo
508 2413 541 2470 et
553 2405 657 2484 Pium,
673 2405 836 2494 Hyginum
848 2415 881 2472 et
891 2407 1124 2494 Telesphorum,
1134 2419 1228 2498 atque
1239 2411 1308 2477 Six-

153 2515 232 2585 tum,
249 2529 348 2594 neque
359 2507 418 2593 ipsi
433 2509 645 2587 observarunt,
659 2529 760 2593 neque
771 2509 852 2588 aliis,
862 2509 915 2595 qui
925 2532 997 2576 cum
1009 2511 1086 2597 ipsis
1096 2521 1194 2592 erant,
1205 2515 1308 2579 obser-

154 2630 226 2673 vare
241 2609 456 2694 permiserunt.
502 2609 713 2676 Nihilominus
731 2619 838 2677 tamen
859 2611 919 2699 ipsi
940 2635 1003 2680 non
1024 2616 1223 2682 observantes
1237 2639 1310 2684 cum

155 2711 321 2798 Episcopis
335 2711 456 2777 illarum
478 2711 700 2792 Ecclesiamm,
715 2713 748 2778 in
763 2714 876 2798 quibus
897 2715 943 2780 ita
960 2717 1191 2799 observabatur,
1213 2720 1254 2784 ad
1275 2741 1309 2786 se

154 2815 375 2881 accedentibus
396 2838 505 2902 pacem
525 2817 731 2896 retinuerunt,
756 2819 897 2904 quamvis
921 2821 1118 2886 observantia
1138 2823 1201 2887 ista
1221 2823 1310 2889 valde

154 2918 285 2983 adversa
295 2927 377 2983 esset
387 2941 451 2984 non
462 2920 714 2985 observantibus:
732 2941 770 2986 ae
784 2919 860 2986 nulli
870 2945 1007 3010 unquam
1016 2932 1142 3012 propter
1152 2926 1232 2992 hanc
1243 2947 1309 2991 rem

154 3021 240 3087 inere
253 3023 294 3087 ab
310 3021 452 3087 Ecclesia
469 3021 571 3109 ejecti.
617 3023 680 3088 Sed
701 3023 882 3110 Presbyteri
902 3025 955 3102 illi,
975 3025 1028 3110 qui
1051 3035 1085 3092 te
1103 3027 1308 3108 anteiverunt‚

154 3125 294 3212 quamvis
308 3125 436 3190 minime
446 3125 521 3190 illud
535 3127 745 3207 observarent,
760 3125 811 3191 his
821 3135 928 3194 tamen
944 3127 1120 3216 Episcopis,
1137 3131 1191 3218 qui
1206 3134 1309 3198 obser.

203 3364 331 3416 ⁷Vau1te
350 3365 471 3430 imagines
494 3366 584 3429 ἡμέραν
601 3371 628 3416 to
644 3367 676 3417 be
692 3383 708 3417 a
807 3366 829 3400 ¹¹
841 3367 1017 3430 ἁπιβλήθησόι
1028 3370 1223 3422 rivoaltum.
1241 3371 1311 3422 Nam·

155 3448 297 3510 corruption
308 3447 478 3508 formaretur,
493 3448 545 3498 still
558 3449 659 3498 therela
673 3465 707 3498 no
758 3463 832 3512 quam
842 3456 921 3499 tornea
932 3451 960 3500 ob
971 3450 1016 3500 hoc
1025 3451 1119 3515 npelri
1132 3461 1190 3502 runt
1200 3455 1230 3504 ab
1241 3455 1309 3504 wele·

154 3529 283 3592 authority
292 3529 331 3578 for
341 3543 392 3593 any
402 3530 506 3593 change.
758 3529 802 3580 ιία
810 3531 925 3592 redacte,
938 3539 982 3581 aso
996 3533 1114 3582 emim
1124 3534 1156 3584 od
1166 3534 1218 3584 illie
1228 3535 1309 3597 parti·

204 3607 216 3640 ⁸
231 3609 284 3658 'Ibe
300 3610 449 3659 observande
465 3611 495 3659 ol
507 3627 525 3660 α
540 3611 598 3675 day,
610 3611 708 3674 though
759 3610 803 3660 buo
815 3627 865 3660 ιιοο
876 3619 934 3660 runt
949 3613 1058 3675 ααοιηινί.
1092 3615 1145 3664 The
1156 3616 1239 3665 Greek
1250 3617 1310 3666 verb

155 3695 200 3739 not
211 3691 366 3754 everywhere
377 3691 420 3740 the
431 3707 507 3752 same,
515 3692 612 3741 shewed
623 3693 704 3756 unity,
758 3691 898 3754 eonveying
908 3692 952 3740 the
963 3693 1075 3756 complex
1086 3694 1142 3744 idea
1159 3696 1188 3744 ol
1201 3696 1310 3759 ιηνόιοίοα

155 3787 183 3820 so
200 3772 239 3819 far
251 3787 279 3820 aa
295 3771 360 3820 laitb
374 3773 401 3820 in
411 3773 456 3822 the
472 3772 561 3823 Lord's
576 3774 707 3824 Resurrec-
758 3772 824 3820 from
845 3772 890 3821 the
910 3775 1070 3824 communion
1089 3775 1118 3824 of
1136 3777 1180 3826 the
1199 3777 1308 3839 Choreb,

155 3852 208 3902 tion
220 3869 271 3902 παι
281 3853 426 3902 eonoemed.
758 3852 1133 3916 andtheejrotioaofunsound
1143 3860 1274 3908 membris.

203 3933 607 4000 ⁹N1enr11.trolrralolrrp.2.
628 3932 707 3996 Idale
807 3933 830 3968 ²⁸
846 3935 906 3985 This
919 3942 1018 3986 eustom
1034 3953 1087 3988 was
1105 3954 1170 4004 open
1183 3942 1306 4000 toabam,

155 4017 237 4066 οὐνΰν
248 4017 342 4079 dem.
757 4017 808 4066 and
835 4017 1060 4083 notwithstanding
1080 4021 1124 4070 the
1145 4023 1260 4072 sanction
1284 4025 1314 4072 oi

199 4095 704 4164 ¹⁰an1r.recdaer’ctror‚mmepm‚
757 4100 884 4166 primitive
900 4101 1017 4165 practice,
1037 4102 1058 4151 it
1068 4117 1119 4152 was
1134 4104 1264 4154 forbidden
1276 4105 1310 4170 by

154 4196 171 4230 a
197 4179 301 4243 reading
326 4181 403 4230 noted
430 4182 457 4230 in
483 4183 527 4232 the
553 4184 651 4248 margin
672 4183 707 4248 by
757 4183 801 4232 the
815 4184 874 4244 r4tb
884 4199 964 4232 canon
978 4183 1007 4232 oi
1018 4185 1062 4233 the
1077 4185 1218 4235 Laodiceam
1229 4187 1310 4236 (loun-

154 4262 274 4312 marra.
284 4262 335 4310 and
346 4261 477 4325 Morsus,
487 4265 544 4316 who
552 4265 578 4314 in
585 4266 629 4314 the
639 4281 707 4316 same
757 4265 798 4325 eil,
817 4265 873 4328 περὶ
890 4265 935 4313 τοῦ
952 4265 987 4325 μὴ
1001 4266 1035 4314 τὰ
1052 4265 1113 4327 ἅγια
1133 4268 1166 4316 clr
1182 4267 1259 4329 λόγον
1274 4269 1310 4318 εὗ-

154 4359 209 4409 way
228 4345 337 4395 indicate
354 4348 378 4396 dr
400 4348 451 4398 τοῖς
471 4349 507 4408 μὴ
527 4350 634 4411 τηροῦσι,
657 4349 675 4398 i.
683 4365 704 4399 e.
757 4349 853 4409 λογιιῖνν,
868 4348 989 4406 κατὰτὴν
1005 4347 1090 4409 ἑορτὴν
1106 4349 1150 4397 τοῦ
1165 4349 1260 4412 πάσχα,
1278 4353 1311 4400 elr

153 4426 267 4496 diversity
277 4427 418 4491 offer-sotice
425 4429 525 4480 οεοοιιια
534 4445 599 4479 ποτε
606 4429 708 4494 ηὶαήαη
757 4430 840 4492 ἑτέρας
849 4429 974 4492 παροικίας
984 4429 1170 4489 διαπέμπεσθαι.
1189 4433 1311 4497 Compare

153 4507 221 4558 when
230 4510 451 4574 infima-poetrica
461 4511 519 4562 etet
530 4511 561 4562 ite
572 4511 683 4575 opposta.
757 4511 834 4562 Just.
847 4511 921 4575 Apol.
934 4521 953 4561 1.
965 4527 990 4574 p.
1002 4513 1043 4575 98,
1059 4512 1097 4562 ed.
1115 4512 1208 4564 labb.
1242 4516 1310 4574 roth
