3276 5086
299 389 367 458 370
548 404 731 459 cuursrus
755 405 927 458 succure
952 403 1199 458 nsuuusuoo

167 580 224 666 {¹³
234 579 261 665 l
299 561 395 650 igitur
414 561 599 630 Verbum'
569 584 638 648 eJus
651 563 693 628 sd
712 562 869 629 bominem
887 563 981 630 dicit.
1007 564 1216 630 marmor
1234 560 1291 628 tibi
1303 570 1451 648 pooem3

146 627 235 759 ‘ffi-
234 629 287 758 ¹3¹¹
301 665 385 732 idem
397 665 484 744 illes
474 687 507 732 ru
522 687 615 754 quern
635 687 871 752 peccaveramus
891 665 942 730 ¹in
960 665 1060 744 initio,
1081 664 1293 732 remissionem
1312 672 1455 751 peccato-

173 765 252 804 ¹'¹¹¹·
143 789 372 850 —rum
393 769 425 834 in
446 769 509 835 fine
530 769 657 834 donans
693 769 763 833 Aut
784 769 827 834 ἐἰ
848 767 975 834 ulterius
996 768 1120 856 quidem
1141 767 1326 856 transgressi
1347 787 1455 832 sumus

140 839 291 962 Γ,
209 876 264 922 ¹²⁹
272 879 294 916 θ*
252 881 503 962 proseptum,
520 873 601 939 alius
621 877 745 938 'autem
758 881 826 938 erat
844 873 897 959 qui
917 873 1007 951 dixit,
1031 873 1243 938 Itmrittaotur
1257 872 1314 938 tibi
1326 881 1456 958 peccota

304 985 369 1053 tao,
384 997 485 1063 neque
498 977 608 1055 bonus,
623 997 723 1094 neque
737 997 839 1054 verax,
855 997 955 1094 neque
965 976 1071 1061 justus
1084 985 1134 1041 est
1147 975 1336 1064 hujumodi.
1372 977 1457 1058 Quo-

303 1079 397 1143 modo
413 1080 497 1144 euim
511 1079 621 1158 bonus,
642 1079 695 1166 qui
713 1101 776 1144 non
795 1100 836 1144 ex
850 1079 915 1144 suis
935 1078 1050 1144 donati
1082 1079 1152 1143 Aut
1171 1079 1325 1164 quomodo
1340 1077 1456 1164 justus,

304 1181 357 1268 qui
371 1181 472 1247 aliena
485 1183 587 1269 rapiti
631 1181 795 1265 Quomodo
807 1190 913 1246 autem
927 1203 998 1246 vere
1011 1179 1141 1246 remissa
1154 1189 1229 1246 suut
1242 1189 1381 1267 peccata,
1397 1180 1457 1246 nisi

173 1309 191 1337 0-
209 1327 214 1338 ·
305 1281 356 1349 ille
375 1283 442 1370 ipsc
460 1283 493 1348 in
504 1306 597 1369 quem
612 1284 808 1369 peccavimus
823 1282 948 1348 donavit
959 1282 1180 1360 remissionem,
1190 1305 1253 1368 por
1266 1283 1385 1347 uicem
1398 1283 1458 1348 Μ’·

304 1387 479 1452 εσήοονῶὶω
493 1387 556 1452 Dei
571 1389 692 1465 ³aostri,
712 1388 747 1452 io
762 1386 869 1473 quibo
884 1387 1022 1452 auom
1036 1407 1089 1450 aor
1102 1407 1157 1471 per
1173 1385 1287 1450 Filium
1302 1387 1414 1452 suomi

236 1537 241 1550 .
370 1493 402 1556 2.
447 1492 642 1576 Quapropter
655 1497 688 1555 et
702 1497 810 1554 curato
829 1488 1017 1576 paralytico:
1049 1487 1198 1564 Videatur,
1219 1487 1329 1574 inquit,
1343 1489 1459 1575 populi

305 1591 552 1674 alanfloooonmt
564 1592 675 1670 Deum,
691 1592 747 1678 qai
760 1591 844 1655 dedit
852 1599 1029 1676 pardalem
1045 1589 1136 1656 aalma
1149 1588 1326 1655 homiuibus.
1356 1590 1458 1672 Quem

305 1693 400 1783 ign'tur
419 1695 523 1760 Deum
542 1693 787 1760 clarificaverrmt
806 1694 1043 1759 circumstantes
1064 1692 1190 1779 pepulit
1224 1689 1458 1780 Numquidnam

303 1799 345 1863 ab
364 1797 520 1864 haeretiois
541 1797 709 1876 inventum,
732 1797 924 1883 incognitrmr
950 1795 1100 1861 Patrem?
1142 1795 1187 1860 Et
1210 1797 1364 1882 quomodo
1385 1818 1457 1863 eum

306 1901 359 1988 qui
378 1901 428 1966 ⁴in
447 1909 549 1966 totum
568 1922 631 1966 non
645 1901 890 1988 cognoscebatur
908 1900 949 1964 ab
969 1899 1015 1964 eis
1034 1897 1270 1986 glorificabant!
1308 1898 1458 1964 Manifes-

305 2013 373 2069 tum
394 2013 444 2069 est
463 2026 547 2092 ergo,
568 2005 713 2090 quoniam
733 2025 815 2082 eum,
838 2002 890 2088 qui
912 2023 933 2067 a
953 2001 1023 2089 lege
1044 2009 1078 2067 ct
1093 2001 1252 2088 prophetis
1271 2001 1457 2087 praedicatum
1471 2019 1558 2062 uon.

305 2113 354 2174 est
373 2107 466 2184 Deus,
481 2104 874 2194 glorificabunt'lsrcelitae,
892 2103 946 2189 qui
960 2111 993 2169 ct
1006 2111 1056 2170 est
1074 2103 1171 2167 Pater
1191 2103 1320 2168 Domini
1337 2103 1454 2170 nostri:

305 2218 338 2275 et
352 2217 477 2296 propter
490 2209 551 2274 hoc
569 2208 701 2274 docebat
714 2207 855 2272 homines
873 2207 924 2270 ¹iu
937 2227 1031 2271 seusu
1050 2227 1106 2293 per
1122 2227 1160 2270 ea
1176 2205 1268 2293 signa
1281 2228 1351 2293 quae
1365 2207 1458 2274 facie-

305 2314 370 2392 bat,
392 2313 466 2378 dare
486 2311 616 2400 gloriam
638 2311 717 2376 Deo.
765 2311 799 2374 Si
819 2317 925 2375 autem
945 2310 986 2374 ab
1007 2309 1104 2374 altero
1126 2309 1250 2396 quidem
1273 2309 1370 2376 Patre
1391 2311 1458 2398 ipsc

305 2417 451 2495 veniam,
474 2415 606 2481 alterum
628 2423 734 2480 autem
761 2414 887 2479 Patrem
914 2413 1128 2500 glorificabant
1151 2413 1292 2478 homines
1317 2414 1550 2485 videntesous.

306 2521 375 2606 ejus
393 2519 532 2597 virtutes,
547 2519 686 2606 ingratos
704 2539 758 2584 eos
772 2517 805 2582 in
819 2539 891 2582 eum
906 2517 1035 2581 Patrem
1049 2515 1102 2600 qui
1124 2515 1252 2581 miserat
1266 2516 1459 2582 curationem

305 2621 466 2689 efficiebat.
510 2621 591 2686 ⁶Sed
607 2619 752 2708 quonium
771 2621 812 2685 ab
829 2642 878 2698 eo,
898 2619 950 2705 qui
970 2627 1019 2684 est
1039 2619 1137 2698 Deus,
1159 2617 1337 2706 unigenitus
1357 2619 1458 2685 Filius

305 2734 432 2792 venerat
445 2725 486 2790 ad
502 2725 635 2790 salutem
653 2723 824 2801 hominum,
845 2730 878 2788 et
894 2721 1068 2788 incredulos
1084 2743 1139 2808 per
1157 2743 1211 2788 cas
1228 2744 1307 2807 quus
1324 2723 1459 2788 faciebat

306 2828 436 2894 virtutes
454 2827 641 2915 provocabat
659 2826 733 2891 dare
751 2825 883 2912 gloriam
903 2825 1010 2892 Patri:
1033 2833 1067 2892 et
1084 2847 1147 2892 non
1165 2825 1385 2912 recipientibus
1403 2826 1458 2892 ad·

307 2941 435 2998 ventum
459 2930 534 2996 Filii
558 2930 636 3015 ejus,
660 2937 693 2993 et
717 2935 844 3016 propter
865 2929 925 2994 boc
955 2950 1020 2994 non
1046 2929 1242 2995 credentibus
1263 2951 1333 3014 quae
1355 2930 1397 2995 ab
1419 2951 1459 2996 co

147 3055 271 3098 ummo
307 3035 419 3099 ⁷liebat
438 3029 622 3108 remissioni,
642 3031 809 3096 Pharisaeis
823 3030 962 3098 dicebat:
992 3032 1035 3098 Ut
1052 3033 1156 3098 sciatis
1174 3034 1317 3118 paconium
1326 3041 1459 3118 patmo-

308 3148 366 3204 tcm
382 3135 470 3202 babet
482 3135 588 3200 Filios
606 3133 750 3199 Hominis
770 3135 922 3200 remittere
935 3145 1086 3220 prooem
1109 3142 1143 3200 et
1156 3135 1216 3201 hoc
1233 3158 1305 3202 cum
1318 3137 1459 3218 dixisset,

303 3239 398 3327 jumit
412 3237 615 3326 paralyticum
628 3235 785 3302 bominem
795 3236 901 3302 tollere
915 3239 1102 3324 grabbatum
1112 3260 1205 3324 super
1218 3261 1311 3326 quem
1321 3239 1458 3325 jacebat,

307 3351 341 3408 ct
354 3341 399 3407 ire
414 3341 448 3406 in
462 3341 588 3405 domum
602 3361 708 3405 suam:
732 3345 804 3426 ⁸per
817 3341 877 3406 hoc
891 3341 974 3428 quod
990 3341 1095 3420 efficit,
1114 3343 1305 3409 confundens
1318 3343 1460 3408 incredu-

307 3445 365 3524 los,
388 3453 422 3510 et
445 3443 623 3532 significans
643 3443 789 3530 quoniam
811 3443 878 3530 ipse
899 3451 949 3510 est
969 3465 1030 3511 vox
1052 3444 1124 3524 Dei,
1146 3467 1202 3532 per
1223 3467 1317 3532 quam
1337 3447 1460 3533 accepit

307 3547 401 3614 bomo
415 3554 580 3634 praeoepta,
601 3567 671 3632 quae
685 3567 902 3633 supergressus
920 3555 980 3626 est,
997 3553 1031 3612 et
1048 3547 1151 3614 laetius
1169 3555 1219 3614 ost
1231 3556 1394 3636 peccator:
1418 3570 1460 3614 cx

307 3649 445 3738 peccatis
459 3649 543 3716 enim
556 3648 706 3738 paralysis
719 3649 885 3715 sulseouta
898 3657 958 3716 est.

358 3862 368 3895 1
386 3863 496 3922 Ourna,
509 3859 601 3922 Voss,
619 3861 666 3911 but
682 3861 736 3910 As.
755 3861 777 3910 ls
792 3875 860 3910 more
908 3861 980 3911 tuitio
991 3869 1076 3913 musa

308 3945 429 4009 probably
440 3941 508 4006 right
519 3943 581 3992 with
590 3941 699 4002 initium,
713 3942 798 4005 ἀρχήν.
888 3987 892 3994 ,
957 3943 968 3976 ¹
983 3952 1006 3993 et
1021 3945 1126 3996 omitted
1142 3945 1170 3994 iu
1187 3945 1230 3996 the
1249 3947 1312 4006 Aa,
1333 3944 1362 3994 in
1378 3959 1458 4007 masa,

358 4024 415 4087 ἐπ’,
434 4033 530 4075 ootrrm
544 4025 588 4073 the
606 4025 662 4072 first
679 4023 816 4072 isomitted
833 4024 859 4072 in
908 4028 1028 4086 αἰσθήσει,
1041 4025 1119 4090 dytbr
1133 4026 1441 4089 evidemostbemmrcr.

308 4107 351 4156 the
363 4107 464 4157 Ouum.
474 4105 524 4154 and
534 4105 595 4166 AB,
604 4103 655 4152 and
665 4104 705 4152 for
715 4105 759 4152 the
769 4103 860 4152 second
957 4107 968 4140 ⁶
984 4107 1037 4156 The
1046 4108 1161 4171 readings
1169 4109 1199 4157 ol
1207 4109 1250 4158 the
1259 4107 1369 4170 Granum,
1379 4108 1459 4170 Vsu,

308 4187 395 4236 earlier
405 4187 461 4236 edd.
474 4186 524 4235 had
535 4192 584 4246 out,
598 4187 650 4234 As.
663 4183 729 4234 dicit.
908 4189 997 4248 Voss..
1015 4189 1077 4250 Gru,
1093 4189 1190 4250 Mass„
1209 4189 1249 4239 Su.
1269 4190 1319 4239 dud
1336 4192 1380 4240 τοῦ
1393 4191 1461 4240 bros

357 4267 368 4301 ⁸
384 4267 573 4316 matr-tondtted
583 4267 610 4316 in
620 4267 664 4316 the
674 4267 726 4316 Aa.
747 4267 781 4316 ib.
794 4265 859 4316 Deil
908 4271 935 4334 (s.
946 4271 962 4320 l.
975 4271 1056 4335 dnus)
1070 4271 1140 4322 Θεοῦ.
1162 4272 1215 4320 The
1221 4271 1273 4320 As.
1283 4272 1336 4332 bas,
1349 4271 1461 4335 &dpute-

357 4348 368 4380 ⁴
382 4348 410 4396 in
421 4355 502 4408 mmm,
521 4349 565 4397 the
581 4349 683 4412 reading
697 4347 811 4412 required
825 4348 859 4412 by
907 4351 1053 4412 oiamohoo,
1062 4351 1459 4414 opercusum'peru'tuaocamt.

308 4429 477 4488 tbsoontext;
489 4429 624 4478 itislound
635 4430 660 4478 in
672 4429 716 4479 the
724 4431 785 4488 Am,
799 4429 857 4490 aud,
955 4431 967 4466 ⁷
977 4431 1051 4492 flebat
1070 4431 1213 4483 remotioni,
1247 4434 1298 4484 Aa.
1312 4433 1359 4495 fiat
1376 4433 1460 4482 nmis-

307 4525 335 4557 as
358 4509 444 4558 Mass.
466 4525 530 4573 says,
556 4510 584 4558 iu
601 4511 709 4574 reliquis,
726 4512 859 4574 exceptiug
905 4512 1003 4562 mortem.

308 4591 352 4638 Or..
364 4589 435 4640 totto
444 4591 678 4650 tauc,Voss.iota'o
685 4581 718 4653 ιιῖ,
728 4593 778 4642 and
789 4591 855 4641 Vm.
955 4591 1044 4652 lau,
1060 4592 1149 4642 Maso.
1162 4607 1194 4646 rr.
1205 4602 1313 4659 νυμον.
