3292 5068
286 399 329 466 72
566 408 738 463 OMNIBUS
762 407 930 462 rannus
954 407 1156 462 APOS'IOLIS

146 583 251 625 narn.
284 585 358 634 vero
380 565 513 632 eundem
534 564 670 631 scientes
692 563 806 642 Deum,
825 560 1094 650 perseverabant
1084 583 1117 628 ιιι
1137 561 1276 650 pristinis
1294 563 1438 628 obsema·

38 649 42 662 ¹
127 631 267 778 &2235ss
285 669 432 748 tionibus,
453 667 499 734 ita
520 675 557 734 ut
575 676 609 734 et
625 667 741 733 Petrus
763 687 886 752 quoque
902 665 1018 731 timens
1037 687 1077 732 ne
1096 665 1273 752 culparetur
1289 665 1360 730 ab
1350 663 1438 750 ipsis,

162 769 237 808 ”²¹³
122 781 360 854 *ante
389 772 582 838 manducans
614 791 687 836 cum
716 769 863 858 gentibus
898 777 1025 856 propter
1057 769 1209 835 visionem
1244 775 1278 834 et
1313 775 1441 855 propter

121 883 274 934 wilm&
288 875 438 962 Spiritum
461 874 513 960 qui
536 874 728 960 requieverat
747 895 840 958 super
861 893 924 949 eos,
943 893 1014 938 cum
1036 880 1143 936 umen
1159 871 1358 936 advenissent
1372 871 1440 957 qui·

286 978 359 1042 dam
380 979 422 1042 ab
444 977 578 1054 Iacobo,
602 975 758 1062 separavit
778 995 823 1052 se,
846 983 879 1039 et
900 995 963 1038 nou
981 973 1178 1039 manducavit
1201 995 1272 1038 cum
1290 972 1355 1048 cis;
1379 973 1439 1038 hoc

286 1079 389 1166 ipsum
403 1087 509 1144 autern
521 1075 602 1144 drxrt
612 1078 731 1143 Paulus
741 1085 773 1142 et
784 1076 960 1141 Barnabam
973 1077 1093 1142 iecisse.
1128 1077 1181 1141 Sic
1191 1075 1348 1162 Apostoli
1360 1097 1439 1161 quos

119 1201 192 1290 {⁰2¹
194 1204 249 1289 h²⁷
286 1182 421 1249 universi
435 1191 525 1248 actus
539 1191 573 1247 et
587 1181 737 1246 universae
752 1179 903 1244 doctrinae
916 1179 1071 1244 Dominus
1094 1187 1193 1245 testes
1213 1179 1299 1258 lecit,
1323 1179 1439 1264 ubique

285 1285 369 1351 euim
382 1285 475 1351 simul
489 1307 561 1350 cum
575 1305 612 1349 eo
626 1283 810 1350 assistentes
829 1282 1028 1348 inveniuntur
1050 1282 1165 1348 Petrus
1188 1291 1222 1348 et
1242 1281 1384 1347 Jacobus
1405 1289 1439 1346 et

285 1387 460 1466 Johannes,
484 1387 627 1473 religiose
652 1387 789 1472 agebant
819 1383 902 1450 circa
927 1385 1162 1472 dispositionem
1186 1385 1277 1472 legis,
1297 1405 1367 1470 qure
1389 1391 1439 1450 est

284 1491 456 1556 seeundum
487 1487 643 1576 Moysem,
672 1489 714 1553 ab
742 1509 804 1553 uno
829 1496 863 1552 et
888 1489 999 1554 eodem
1025 1489 1238 1576 significantes
1266 1507 1336 1554 esse
1358 1487 1439 1554 Deo.

286 1592 378 1674 Quod
392 1589 518 1676 quidem
533 1611 596 1656 non
610 1591 759 1656 iecissent
772 1591 944 1656 secundum
962 1613 1032 1678 quar
1047 1591 1258 1678 praediximus,
1280 1591 1308 1656 si
1327 1599 1441 1676 praeter

284 1715 357 1760 eum
371 1693 424 1780 qui
441 1694 519 1781 legis
533 1693 768 1780 dispositionem
782 1693 867 1774 iecit,
882 1692 1015 1760 alterum
1031 1694 1160 1760 Patrem
1174 1716 1195 1760 a
1210 1693 1347 1761 Domino
1361 1693 1440 1759 didi-

285 1797 412 1864 cissent.

750 1963 851 2034 OAP.
874 1965 979 2032 XIII.

306 2103 495 2181 Aduersus
511 2105 648 2206 eosqui
664 2104 802 2194 dicunt,
821 2118 962 2180 tamtum
979 2105 1145 2181 Paolum
1163 2131 1207 2181 ea
1222 2105 1257 2179 Α
1255 2105 1416 2206 postolos,

647 2223 850 2322 cognovisse
865 2223 1065 2298 ceritatem.

350 2385 380 2448 l.
424 2381 512 2447 ¹Eos
527 2389 632 2447 autem
653 2382 706 2468 qui
726 2381 846 2464 dicunt,
866 2382 967 2448 solum
989 2381 1123 2447 Paulum
1142 2381 1305 2448 veritatem
1323 2402 1437 2469 cogno-

282 2482 374 2562 visse,
401 2484 450 2550 cui
478 2506 534 2572 per
566 2483 787 2550 revelationem
816 2485 1048 2550 manifestatum
1073 2491 1122 2548 est
1151 2482 1342 2570 mysterium,
1370 2483 1437 2570 ipse

157 2631 162 2644 .
284 2587 402 2652 Paulus
416 2589 579 2654 convincat
593 2589 672 2668 ¹eos,
683 2589 800 2668 dicens,
811 2610 909 2654 unum
923 2595 956 2653 et
970 2587 1073 2674 ipsum
1089 2585 1193 2653 Deum
1204 2595 1365 2674 operatum
1376 2587 1437 2652 Pe·

281 2701 331 2754 tro
349 2687 382 2753 in
398 2689 608 2776 apostolatum
627 2689 883 2768 circumcisionis,
899 2698 931 2756 et
949 2691 1009 2756 sibi
1028 2689 1061 2755 in
1074 2700 1195 2778 gentes.
1235 2690 1339 2778 Ipsius
1361 2711 1437 2777 ergo

282 2791 344 2858 Dei
369 2793 485 2858 Petrus
509 2802 578 2859 erat
602 2789 785 2879 Apostolus,
809 2794 898 2878 cujus
922 2801 955 2858 et
977 2791 1115 2869 Paulus;
1146 2802 1181 2858 ot
1205 2817 1298 2878 quem
1323 2796 1437 2862 Petrus

281 2893 314 2956 in
339 2893 574 2958 circumcisione
602 2894 809 2958 annuntiabat
836 2894 949 2971 Deu'm,
979 2903 1013 2960 et
1039 2894 1100 2960 Dei
1128 2895 1256 2974 Filium,
1291 2897 1374 2962 hunc
1403 2906 1438 2962 et

282 2994 402 3059 Paulus
422 2993 454 3058 in
469 3003 592 3081 gentes.
629 2995 740 3080 Neque
753 2997 837 3060 enim
851 3004 888 3060 ut
899 2997 1007 3061 solum
1023 2995 1157 3061 Paulum
1176 2997 1336 3076 'adnuet
1352 2999 1437 3064 venit

282 3097 439 3162 Dominus
457 3105 584 3173 nostem
607 3117 666 3162 nec
689 3097 736 3164 sic
756 3120 873 3184 pauper
888 3097 986 3178 Deus,
1010 3105 1046 3164 ut
1065 3119 1162 3162 unum
1185 3098 1286 3163 solum
1306 3098 1436 3166 haberet

283 3201 483 3286 Apostolum,
505 3223 557 3286 qur
549 3200 813 3319 dispositionem
832 3199 907 3266 Filii
931 3201 980 3266 sui
1005 3211 1219 3288 cognosceret.
1256 3201 1302 3268 Et
1318 3203 1436 3270 Paulus

117 3333 212 3372 ιω,
222 3304 650 3383 1r‚autemdicena:Qaam
663 3305 785 3389 οροοιοοι
779 3305 887 3390 podes
901 3305 1167 3423 oooctgcb'auotiam
1185 3306 1269 3387 ιοιο,
1286 3308 1436 3394 coangeli-

117 3359 270 3424 “mi
281 3409 415 3473 nntium
431 3429 548 3493 pacem
571 3407 770 3472 manifestum
788 3408 873 3487 lacit,
896 3409 1042 3494 quoniam
1064 3429 1128 3474 non
1148 3431 1239 3488 unus,
1259 3411 1315 3476 sed
1332 3411 1436 3499 plures

280 3516 380 3588 erant,
395 3511 449 3597 qui
463 3509 625 3574 veritatem
639 3509 901 3596 evangelisabant.
938 3509 983 3576 Et
996 3531 1103 3576 rursus
1119 3511 1152 3574 in
1167 3534 1205 3578 ea
1219 3513 1350 3599 epistola
1364 3535 1434 3599 quae

281 3613 385 3679 estad
402 3612 591 3691 Corinthios,
607 3631 679 3677 cum
697 3612 895 3698 predixisset
914 3633 1021 3679 omnes
1036 3611 1088 3698 qui
1103 3612 1223 3679 ³Deum
1237 3622 1309 3701 post
1330 3635 1431 3680 resur·

329 3797 404 3852 ²i.e.
422 3799 466 3850 the
485 3799 655 3862 Marcionites,
675 3799 731 3851 who
744 3801 833 3852 admit·
882 3799 991 3866 scamely
1008 3799 1072 3850 have
1091 3801 1190 3850 written
1209 3802 1277 3851 θεόν·
1306 3801 1348 3851 the
1368 3800 1436 3850 word

279 3883 322 3932 ted
332 3883 376 3932 the
387 3882 492 3932 Pauline
503 3882 612 3947 Epistles
627 3889 654 3932 ιο
669 3884 699 3933 bs
715 3885 829 3948 genuine,
882 3879 962 3930 Deum
985 3887 1054 3931 must
1071 3883 1136 3932 bavo
1157 3881 1238 3932 misen
1254 3888 1299 3932 ont
1315 3884 1345 3932 oi
1357 3873 1433 3945 ὒῖιῖι,

279 3965 329 4014 and
346 3965 389 4014 the
400 3963 493 4029 Gospel
511 3963 539 4013 of
552 3963 578 4014 S.
593 3963 673 4025 Luke,
694 3979 721 4013 as
738 3965 833 4028 having
881 3963 925 4012 tho
935 3963 1105 4012 abbreviation
1116 3964 1146 4012 of
1153 3963 1295 4015 Dominum
1318 3966 1371 4016 'I'he
1381 3971 1436 4016 text

279 4045 341 4095 boen
352 4047 452 4096 written
470 4045 550 4095 under
559 4046 603 4095 the
616 4061 661 4110 eya
674 4046 704 4094 ol'
719 4045 745 4094 Β.
759 4045 831 4094 Paul.
881 4045 938 4093 that
954 4045 986 4094 he
996 4046 1017 4094 is
1028 4045 1105 4094 about
1115 4051 1143 4094 ιο
1157 4046 1253 4096 adduce
1264 4045 1345 4096 would
1361 4063 1437 4097 nevar

279 4141 408 4187 coement,
435 4129 489 4177 rods
517 4127 543 4176 δὲ
570 4128 728 4188 λέγονται...
738 4127 833 4188 ἐλέγχῃ
881 4125 945 4176 bave
954 4123 1044 4176 caused
1051 4127 1094 4176 the
1102 4127 1193 4177 author
1203 4129 1310 4178 towrite
1319 4131 1387 4190 Θεὸν,
1397 4130 1436 4178 ior

278 4211 385 4257 τούτους.
881 4207 1003 4272 although
1014 4210 1035 4258 it
1046 4210 1135 4274 speaks
1146 4211 1174 4260 oi
1182 4211 1267 4275 seeing
1278 4212 1321 4260 the
1332 4211 1433 4273 Father,

327 4285 339 4318 ¹
355 4287 467 4346 Onusta,
490 4287 587 4348 Mass,
612 4287 706 4338 aelam
724 4289 832 4339 without
881 4289 931 4338 this
943 4290 964 4338 is
975 4291 1034 4355 only
1045 4291 1197 4356 collaterally
1212 4297 1240 4342 ιο
1254 4294 1298 4342 the
1313 4293 1381 4342 main
1398 4309 1436 4342 ar·

278 4373 313 4428 ut,
326 4366 407 4416 which
417 4383 522 4430 appears
533 4369 647 4418 however
657 4371 684 4417 ln
695 4369 738 4418 the
749 4369 830 4418 Voss,
881 4375 993 4433 gument,
1008 4371 1088 4420 which
1099 4373 1244 4422 establishes
1254 4375 1298 4422 the
1312 4374 1364 4424 fact
1378 4373 1436 4422 that

279 4445 472 4496 andM1120.11.
486 4447 562 4496 MSS.
596 4449 712 4497 Gmu’s
729 4449 833 4513 reading
882 4450 966 4499 Christ
976 4467 1040 4514 gave
1051 4452 1256 4515 theApostolical
1266 4456 1433 4517 oommInsIon,

278 4525 556 4576 thereforeisretainad.
575 4526 764 4591 Scripturesays
772 4529 833 4578 esdr
880 4535 927 4578 not
937 4537 964 4578 ιο
979 4531 1004 4579 S.
1018 4531 1082 4580 Paul
1099 4533 1177 4593 alone,
1197 4533 1244 4583 bnt
1258 4539 1285 4584 ιο
1300 4537 1343 4585 the
1355 4537 1436 4586 andro

279 4609 353 4658 eddela
364 4607 454 4668 ἑώρακε
466 4606 572 4665 rorare,
586 4605 637 4654 and
647 4605 832 4656 hannonem
880 4609 1004 4672 collegiata
1029 4611 1058 4659 of
1078 4613 1122 4662 the
1144 4613 1279 4678 Apostl0s3
1304 4622 1332 4666 ιο
1354 4617 1388 4667 all
1409 4619 1439 4668 ol
