3292 5068
523 424 723 478 unuuoun
747 425 993 488 minuissem.
1294 407 1337 478 27

153 575 285 642 saeeuli
312 576 407 664 hujus
432 577 575 664 legimus,
599 580 655 645 sed
675 580 790 659 Deum,
818 585 929 668 ¹quem
952 602 1025 646 vere
1051 579 1155 645 Deum
1185 579 1336 646 dicimus:
1350 593 1501 680 gglffilptvtig-

154 677 353 744 incredulos
370 688 477 747 autem
499 689 532 746 et
553 691 729 749 excaecatos
750 684 857 750 saeculi
878 685 973 773 hujus
993 685 1166 764 audiemus,
1189 683 1336 770 quoniam
1362 686 1489 772 ”Affin-

155 789 344 849 venturum
357 784 430 850 vites
444 806 508 850 non
522 786 750 852 haereditabunt
765 787 926 854 saeoulum.
1352 817 1501 827 --

641 1005 743 1071 ΟΑΡ.
771 1005 870 1072 VIII.

533 1143 635 1236 Quid
658 1159 708 1220 est
733 1144 982 1224 Mammosas.

244 1309 277 1370 1.
313 1305 448 1371 Sonura
460 1306 555 1393 igitur
568 1307 671 1374 etheo
685 1305 807 1374 illorum
822 1309 986 1388 calumnia,
1001 1307 1164 1374 manifeste
1176 1314 1337 1374 ostensum

159 1416 235 1488 est,
269 1409 415 1495 quomam
446 1433 605 1498 nunquam
636 1434 738 1499 neque
763 1413 923 1498 prophetae
945 1434 1045 1499 neque
1069 1411 1216 1498 Apostoli
1240 1411 1336 1476 alium

162 1511 283 1576 Deum
298 1513 542 1592 nominaverunt,
557 1515 606 1580 vel
621 1515 792 1580 Dominum
806 1516 1047 1602 appellaverunt,
1062 1523 1176 1600 praeter
1186 1536 1292 1578 verum
1303 1521 1336 1579 et

160 1615 279 1680 solum
296 1617 409 1682 Deum.
446 1618 570 1683 ²Multo
581 1618 681 1706 magis
691 1617 757 1705 ipse
773 1618 937 1694 Dominus,
954 1619 1054 1706 quiet
1071 1618 1189 1682 Oceeari
1200 1617 1335 1704 quidem,
1351 1633 1499 1674 munuu-

163 1739 247 1804 quw
264 1720 396 1785 Ooeeore‘e
409 1731 480 1786 suot
492 1721 584 1785 reddi
595 1724 695 1809 jubet,
711 1731 740 1786 et
753 1745 822 1808 quoe
835 1723 898 1788 Dei
911 1733 982 1788 erent
994 1722 1081 1786 Deo:
1098 1721 1254 1786 Oaeserem
1269 1721 1336 1807 qui-

163 1819 250 1884 dem
268 1821 424 1886 Oeesarem
442 1823 615 1902 nominans,
640 1823 743 1889 Deum
763 1847 834 1890 vero
857 1825 960 1890 Deum
980 1825 1142 1889 confitens.
1188 1822 1337 1888 Similiter

164 1933 204 1990 et
222 1924 301 1989 illud
325 1927 407 2012 quod
425 1927 479 2005 eit,
502 1927 577 1992 Nou
588 1930 714 2014 potestte
733 1928 848 1999 duodus
867 1929 998 1994 domino
1014 1931 1138 2006 seruire,
1157 1927 1224 2014 ipse
1240 1927 1335 1992 inter·
1349 1946 1484 1988 urenae.

164 2036 328 2116 pretatur,
346 2030 469 2095 dicens:
493 2031 567 2094 Noe
579 2033 705 2117 potestas
725 2033 793 2097 Deo
810 2033 934 2112 servire,
953 2042 982 2097 et
998 2033 1205 2102 Memnwueer
1231 2029 1335 2094 Deum

56 2145 87 2185 u.
99 2148 146 2190 ree.
166 2133 304 2220 quidem
319 2134 471 2199 confitens
491 2133 604 2212 Deum,
629 2135 844 2200 Mammonam
864 2143 970 2204 autem
984 2135 1158 2212 nominans,
1179 2135 1238 2199 hoc
1254 2131 1337 2220 quod

168 2247 206 2302 et
230 2244 290 2302 est.
338 2237 410 2302 Non
435 2237 651 2302 Mammonam
673 2239 832 2302 domiuum
855 2248 955 2316 vocat,
976 2239 1100 2304 dicens:
1124 2238 1198 2302 Non
1211 2237 1338 2323 potestis

167 2339 293 2406 duodus
308 2340 439 2405 dmoiuie
459 2341 594 2411 aereum
618 2341 674 2405 sed
691 2340 858 2427 discipulos
879 2342 971 2406 docet
989 2340 1160 2407 servientes
1177 2339 1257 2419 Deo,
1273 2361 1336 2403 non

167 2443 290 2530 subjici
307 2444 509 2522 Mammonae,
525 2465 625 2530 neque
640 2443 790 2508 dominari
805 2445 845 2508 ab
860 2466 908 2509 eo.
947 2445 1008 2524 Qui
1021 2444 1115 2520 enim,
1131 2443 1241 2529 inquit,
1249 2444 1337 2528 feeit
1348 2465 1484 2505 secernet

159 2556 459 2633 percommodum
472 2557 515 2612 eet
521 2547 653 2633 peceati.
691 2547 958 2629 Quemadmodum
973 2545 1068 2634 igitur
1082 2545 1251 2610 servientes
1265 2567 1337 2630 pec·

169 2660 250 2716 ceto
276 2673 381 2717 servos
413 2651 533 2738 peceati
562 2658 662 2728 vocat,
690 2672 753 2714 non
778 2659 885 2715 tamen
910 2650 1012 2734 ipsum
1040 2659 1201 2735 peccatum
1232 2649 1337 2713 Deum

169 2753 324 2840 appellet,
355 2755 400 2818 sic
422 2763 454 2819 st
477 2775 532 2819 eos
554 2753 607 2840 qui
630 2753 823 2818 Memmonae
843 2753 992 2832 serviunt,
1014 2774 1121 2817 servos
1143 2752 1336 2817 Mammonee

169 2855 324 2944 appellat,
342 2878 404 2921 non
424 2857 529 2922 Deum
544 2855 702 2944 appellans
725 2856 950 2921 Mammonam.
993 2857 1212 2921 ⁸Mamm0nes
1229 2863 1336 2921 autem

225 3011 236 3044 ²
254 3012 308 3062 The
319 3015 426 3062 Auens.
440 3013 490 3062 and
507 3013 596 3064 Mune.
609 3026 638 3064 11.
652 3014 729 3064 MSS.
780 3013 894 3078 pereoual
905 3013 1027 3062 indiction
1037 3013 1094 3061 that
1104 3027 1156 3060 was
1166 3011 1210 3060 the
1220 3011 1298 3060 result
1309 3011 1339 3060 of

171 3094 236 3144 read
255 3095 367 3158 quidenn-
383 3095 433 3144 aud
455 3095 557 3145 Curare.
580 3095 631 3145 and
648 3095 728 3144 Voss.
780 3096 921 3144 conviction
932 3097 957 3144 in
970 3094 1082 3144 eriminal
1099 3109 1175 3152 casea,
1189 3093 1239 3142 and
1254 3094 1335 3142 which

172 3175 275 3238 pum
285 3175 350 3238 jere.
382 3175 435 3224 me
451 3175 534 3224 crees
550 3175 656 3240 osgnu
673 3191 731 3240 may
781 3192 833 3225 was
850 3176 929 3226 euleu
943 3162 1034 3252 uteo?
1051 3175 1110 3238 ’ry
1141 3174 1194 3223 me
1213 3175 1281 3223 word
1303 3175 1334 3223 u-

172 3256 242 3305 have
263 3256 326 3305 been
349 3257 416 3304 ἀλλὰ
432 3257 493 3304 θεὸν
509 3257 560 3318 μὲν,
578 3255 622 3306 τὸν
637 3258 733 3318 ἀληθῶς
781 3257 834 3318 sels,
859 3258 886 3307 in
908 3257 942 3307 all
962 3255 1120 3321 probability,
1139 3273 1190 3306 was
1212 3255 1335 3321 imported

173 3339 247 3387 ectr.
781 3341 846 3390 from
857 3339 984 3403 Babylon;
1003 3339 1024 3386 ii
1031 3355 1067 3398 so,
1076 3338 1097 3386 it
1108 3339 1129 3387 is
1136 3338 1245 3402 scarcely
1251 3354 1333 3388 neees-

227 3417 332 3467 'multo
348 3418 435 3482 mepte,
448 3421 534 3480 πολλῷ
542 3421 644 3479 μᾶλλον,
657 3418 732 3467 refer·
781 3420 983 3486 smytoeeekior
993 3419 1026 3468 its
1038 3419 1332 3478 evmvmthfflcbrew.

176 3501 239 3566 ring
254 3507 282 3550 to
298 3502 342 3550 the
358 3501 491 3565 preceding
502 3505 625 3562 sentence,
640 3517 682 3550 are
698 3499 733 3549 af-
781 3503 834 3552 The
851 3503 933 3552 Greek
949 3502 1014 3550 sonu
1030 3503 1188 3561 μαμμῶναὶε
1207 3502 1334 3566 evidently

175 3582 262 3632 sected
279 3583 331 3632 also
348 3582 383 3647 by
393 3583 437 3631 the
447 3583 579 3646 negative;
596 3584 641 3632 the
652 3582 733 3632 words
781 3588 919 3654 thesyriac
932 3575 1030 3660 Rplm.
1061 3586 1334 3652 S.Auousr1nspeahs

178 3665 320 3714 marroc
336 3666 378 3714 οὐκ
392 3665 508 3714 ἐκάλεσεν
520 3666 588 3726 θεὸν,
601 3665 731 3726 therefore,
781 3671 904 3722 ofitus
918 3669 1064 3718 Phoenieian
1077 3669 1155 3718 word.
1190 3668 1334 3716 Memnona

177 3746 263 3796 would
274 3748 304 3797 be
315 3746 428 3812 supplied
439 3747 526 3811 hythe
537 3747 629 3798 readeu
781 3751 851 3815 opud
858 3751 970 3800 Heoroeos
976 3747 1070 3798 divitia
1075 3747 1199 3812 appellari
1207 3747 1331 3798 dicuntur.

228 3829 417 3880 ”Mammenses
462 3830 588 3881 Ianusue
610 3847 688 3881 seems
705 3836 732 3880 to
783 3829 1333 3896 Oeaqrua'tetPum‘cumuomeumemluewm

177 3913 256 3976 spealr
267 3914 295 3962 ol
307 3914 358 3963 thiu
369 3913 438 3963 word
447 3929 475 3962 as
486 3929 519 3962 an
530 3913 648 3962 Aramaic
658 3919 730 3974 term,
780 3913 1005 3964 Punieedfemmon
1016 3911 1114 3961 diodor.
1140 3910 1251 3960 deSerm.
1258 3909 1331 3960 Doro.

178 3993 226 4044 bnt
236 3995 319 4044 notin
334 3994 406 4044 strict
420 3994 546 4059 propriety
559 3993 674 4044 Hebrew.
705 3994 732 4044 It
780 3995 809 4044 in
827 3995 865 4044 Μ.
883 4007 914 4045 11.
949 3994 981 4043 In
1000 3993 1085 4042 Pealrn
1099 3992 1194 4041 xxxvii.
1212 4006 1235 4054 3,
1249 3991 1333 4042 unless

178 4091 265 4126 occurs
281 4077 396 4126 nowhere
417 4077 444 4125 iu
462 4077 506 4126 the
523 4075 633 4126 Hebrew
650 4075 728 4137 Biblc,
780 4078 823 4126 the
834 4076 905 4126 varia
915 4075 982 4125 lectio
994 4075 1086 4125 mihil)
1101 4075 1131 4123 be
1144 4073 1276 4132 indicated,
1289 4074 1333 4124 the

177 4158 275 4223 though
292 4160 336 4208 the
353 4158 460 4208 Chaldee
478 4159 639 4222 paraphrases
654 4157 731 4223 adopt
779 4167 843 4210 term
867 4161 956 4236 nimii
975 4160 997 4209 ir
1014 4158 1132 4208 rendered
1142 4159 1230 4223 hythe
1241 4157 1330 4208 LXX.

178 4239 200 4288 it
220 4241 247 4290 iu
268 4241 428 4306 explanation
457 4241 486 4289 of
510 4241 572 4289 such
600 4239 681 4289 words
703 4257 730 4289 as
781 4245 891 4301 πλοῦτος,
916 4240 998 4291 which
1019 4241 1090 4304 giren
1115 4245 1283 4290 counteuauoe
1305 4245 1332 4290 te

178 4320 237 4395 erp
248 4322 317 4385 earn,
334 4323 397 4373 rue.
414 4339 438 4372 v.
456 4337 493 4388 19,
508 4309 564 4394 eph
583 4321 731 4385 rumne
779 4325 822 4374 ue
838 4322 926 4372 nouos
942 4321 971 4369 or
984 4321 1100 4382 prauus,
1116 4322 1174 4371 uae
1189 4322 1274 4387 toan
1289 4322 1332 4372 no

177 4403 251 4462 price,
270 4403 352 4454 Exod.
365 4403 417 4454 xxi.
432 4417 470 4466 30,
489 4390 530 4469 lh'l
541 4405 670 4466 cadmeae,
685 4405 727 4456 Ps.
779 4411 835 4455 root
845 4405 875 4453 of
882 4405 926 4453 the
937 4402 1005 4452 word
1012 4419 1019 4464 ;
1036 4403 1053 4452 i.
1064 4419 1086 4454 e.
1098 4404 1156 4452 that
1168 4405 1249 4454 which
1261 4404 1332 4468 gives

179 4481 238 4534 xliv.
261 4500 298 4548 13,
314 4456 363 4548 ‘2'11
384 4501 474 4546 meane,
494 4486 535 4536 Pe.
554 4487 665 4548 xlix.11,
684 4489 727 4538 dec.
778 4505 910 4540 essumnce
924 4492 950 4536 to
968 4503 984 4536 a
999 4503 1071 4549 man;
1087 4488 1153 4536 from
1165 4489 1246 4537 which
1257 4487 1331 4536 thet<

180 4561 265 4616 Hence
292 4565 344 4616 also
371 4583 388 4617 a
410 4569 546 4633 pecuniary
572 4569 652 4619 molet
678 4585 730 4618 was
777 4569 1054 4637 mightbeoousidered
1071 4575 1099 4618 to
1112 4569 1249 4633 disappear,
1269 4585 1297 4618 aa
1311 4569 1333 4617 it

181 4630 281 4716 utrius
292 4645 357 4709 Ἦ,
371 4647 397 4696 n
409 4647 640 4698 macedoinum
652 4653 678 4697 ιο
687 4649 730 4698 ne
777 4655 889 4706 strues
900 4655 926 4704 n
937 4653 1030 4728 sape,
1046 4652 1112 4701 eom
1124 4651 1201 4721 eoa.
