3260 5082
644 477 838 532 numanus
1248 465 1316 529 405

167 633 232 730 ἕξει
261 635 322 709 τὸν
357 633 498 736 ἆριθμόν
527 632 623 733 χξς·’.
679 637 1046 736 Ἀνακεφαλαιοιίμενος
1074 639 1107 709 ἐν
1138 621 1227 727 αὐτῷ
1258 637 1319 719 τὴν
1358 647 1451 736 {ffb}

57 777 148 822 mara
168 748 236 848 πρὸ
266 755 328 820 τοῦ
351 755 587 833 κατακλυσμοῦ
611 751 725 820 πᾶσαν
753 749 876 820 κακίαν·
891 802 1011 822 ......
1028 751 1107 820 Νῶε
1140 747 1209 849 γὰρ
1238 751 1319 822 ε’τῶν
1366 742 1449 827 ‘illd'

169 861 356 956 ἑξακοσίων,
382 862 435 932 καί
462 859 696 946 κατακλυσμὸς
720 863 844 944 ε’τῆλθε
869 865 913 956 τῇ
932 866 977 958 γῇ
995 866 1037 940 είς
1059 859 1237 958 ἐξάλειψιν
1261 869 1319 944 τῆς
1347 834 1464 920 ῶῶὲί

169 975 343 1073 ιίμαρτίας,
361 1027 480 1044 ......
497 973 862 1074 Ἀνακεφαλαιοιίμενος
894 972 929 1046 δὲ
965 976 1018 1046 καί
1053 976 1112 1058 τὴν
1149 973 1218 1046 dard
1256 979 1320 1047 τοῦ
1332 956 1477 966 ”—

168 1093 407 1171 κατακλυσμοῦ
424 1089 538 1158 πᾶσαν
561 1085 845 1186 είδωλολατρείαν,
867 1139 987 1158 ......
1002 1089 1119 1186 μέχρις
1147 1089 1189 1160 od
1213 1089 1231 1169 ἦ
1257 1091 1321 1159 τοῦ

170 1197 491 1298 Ναβουχοδονόσιορ
523 1199 755 1270 ἆνασταθεῖσα
793 1199 891 1284 εἰκῶν,
925 1198 994 1282 ἥτις
1030 1196 1122 1295 ὕψος
1151 1198 1212 1284 μὲν
1250 1198 1320 1296 εἶχε

170 1317 285 1409 πηχῶν
307 1311 474 1408 ἑξήκοντα,
494 1309 583 1410 εὖρος
607 1309 642 1382 δὲ
661 1316 775 1408 πηχῶν
798 1309 845 1406 ς’.
935 1311 1088 1396 ...Ὄλη
1107 1311 1175 1413 γὰρ
1193 1315 1211 1395 ἡ
1231 1312 1320 1384 είκῶν

170 1426 269 1508 ἐκείνη
287 1426 503 1524 προτύπωσις
519 1426 555 1507 ἣν
580 1431 637 1507 τῆς
662 1429 725 1496 τοῦ
749 1424 970 1522 ἀντιχρίστου
988 1426 1180 1524 παρουσίας.
1202 1477 1319 1494 ......

171 1535 229 1608 Τίι
249 1535 304 1610 cdv
323 1536 358 1634 χ’
373 1539 431 1620 ἔτη
454 1543 517 1609 τοῦ
542 1535 629 1620 Νῶε,
657 1537 711 1636 ἐφ’
737 1537 778 1607 od
801 1538 820 1607 ὁ
845 1536 1078 1620 κατακλυσμὸς
1105 1539 1239 1630 ἐγένετο
1267 1535 1321 1608 διὰ

171 1651 231 1734 τὴν
251 1651 476 1734 ἀποστασίαν,
493 1649 546 1722 καί
566 1652 584 1720 ὁ
603 1647 772 1745 πηχισμός
788 1657 846 1732 τῆς
866 1650 994 1734 είκόνος,
1011 1703 1129 1720 ......
1143 1649 1204 1722 τὸν
1228 1650 1322 1749 ἆριθ-

171 1762 243 1848 μὸν,
273 1767 313 1841 ῶς
344 1763 478 1862 ε’ίρηται,
511 1761 704 1845 σημαίνουσι
731 1766 794 1833 τοῦ
821 1761 994 1847 ὀνόματος,
1019 1765 1062 1839 είς
1088 1762 1125 1834 ὃν
1150 1769 1322 1862 συγκεφα-

171 1881 328 1947 λαιοῦται
365 1879 431 1946 τῶν
465 1911 507 1977 Ις·
540 1877 621 1946 ε’τῶν
655 1877 751 1946 πᾶσα
784 1874 992 1960 ιἰποστασία,
1023 1874 1076 1946 καί
1116 1874 1232 1961 αἰιλκία,
1267 1875 1321 1947 καί

171 1989 321 2087 πονηρία,
334 2040 448 2057 ......

171 2164 239 2250 ejus
260 2161 389 2228 habebit
411 2183 583 2241 numemm,
610 2169 776 2228 sexcentos
796 2163 960 2250 sexaginta
978 2184 1045 2241 sex,
1065 2163 1273 2249 recapitulans
1292 2163 1325 2227 in

171 2265 339 2351 semetipso
360 2286 484 2330 omnem
498 2287 568 2351 quae
582 2265 642 2329 fuit
659 2273 733 2330 ante
748 2265 895 2329 diluvium
913 2265 1041 2329 malitiae
1060 2265 1324 2344 commixtionem,

171 2389 241 2453 quae
258 2369 342 2432 lacta
355 2375 403 2432 est
418 2389 458 2431 ex
471 2367 627 2454 langelica
638 2367 807 2453 apostasia.
837 2365 867 2430 N
869 2387 907 2430 ce
921 2365 1006 2430 enim
1018 2365 1078 2430 luit
1089 2387 1240 2430 annorum
1255 2389 1326 2431 sex·

171 2478 343 2548 centorum,
354 2477 387 2534 et
396 2468 543 2534 diluvium
551 2468 678 2533 advenit
686 2476 787 2548 terrae,
800 2467 907 2533 delens
918 2466 1225 2532 ²inresurrectionem
1234 2475 1325 2532 terrae

171 2583 299 2660 propter
325 2572 545 2658 nequissimam
574 2572 817 2658 generationem,
841 2593 912 2658 quae
938 2571 998 2635 fuir
1027 2571 1220 2658 temporibus
1244 2571 1325 2638 Noe.
1385 2591 1390 2602 ·

171 2675 397 2760 Recepitulaus
407 2684 513 2740 autem
522 2683 556 2740 et
567 2695 692 2738 omnem
701 2674 754 2759 qui
769 2675 829 2740 luit
840 2673 1000 2739 ³adiluvi0
1011 2679 1328 2740 errorem⁴commen-

171 2787 306 2844 latorem
320 2779 482 2858 idolorum,
498 2787 531 2844 et
545 2779 766 2864 prophetarum
784 2777 1032 2844 interiectionem
1046 2786 1079 2844 et
1092 2779 1328 2844 succensionem

167 2883 337 2970 justorum.
367 2882 426 2947 llla
441 2882 524 2947 enim
538 2904 608 2969 quae
624 2881 683 2946 luit
696 2903 717 2946 a
732 2881 1021 2947 Nabuchodonosor
1034 2881 1198 2946 ⁴instituta
1212 2881 1327 2968 imago,

171 2985 368 3050 altitudinem
378 2985 502 3072 quidem
516 2984 627 3050 habuit
639 2984 812 3049 cubitorum
826 2983 1001 3071 sexaginta,
1011 2983 1208 3048 latitudinem
1222 2992 1328 3049 autem

171 3089 365 3155 ⁵cubitorum
379 3111 457 3154 sex:
475 3093 722 3175 propter⁶quam
737 3095 770 3152 et
784 3088 939 3167 Ananias,
950 3096 984 3152 et
998 3088 1141 3166 Azarias,
1153 3097 1187 3154 ct
1203 3087 1328 3169 Misael,

170 3215 234 3258 nou
253 3192 419 3258 adorantes
433 3213 513 3271 eam,
529 3191 562 3255 in
576 3190 733 3257 caminum
752 3189 927 3254 missisunt
946 3189 1038 3276 ignis,
1052 3211 1109 3275 per
1127 3189 1169 3267 id,
1185 3190 1268 3274 quod
1282 3190 1329 3255 eis

170 3295 282 3375 evenit,
300 3295 523 3381 prophetantes
541 3315 611 3358 eam
631 3314 701 3379 quae
721 3291 754 3356 in
774 3291 870 3357 finem
889 3291 995 3356 futura
1014 3299 1064 3356 est
1081 3293 1240 3378 justorum
1259 3314 1328 3358 suc·

170 3399 286 3468 censio.
318 3398 475 3464 Universa
488 3397 572 3462 euim
584 3397 687 3484 imago
701 3395 754 3460 illa
766 3395 975 3483 praefiguratio
990 3395 1050 3459 luit
1061 3395 1155 3482 hujus
1166 3395 1327 3476 adventus,

77 3535 78 3538 ν
169 3503 210 3568 ab
234 3501 377 3567 omnibus
399 3499 526 3566 omnino
552 3499 729 3564 hominibus
751 3497 853 3583 ipsum
875 3497 975 3562 solum
1004 3497 1173 3562 decernens
1195 3498 1327 3564 adorari.

172 3603 320 3668 Sexcenti
339 3603 444 3689 itaque
456 3602 538 3682 ¹anni
561 3602 641 3679 Noe,
661 3601 722 3665 sub
736 3622 798 3686 quo
817 3599 877 3664 luit
891 3599 1040 3664 diluvium
1059 3609 1186 3686 propter
1204 3607 1328 3685 aposta·

71 3732 147 3776 αιιι.
172 3705 261 3782 siam,
276 3711 310 3768 et
323 3725 470 3768 uumerus
483 3703 657 3768 cubitorum
672 3702 827 3789 imaginis,
842 3711 968 3787 propter
987 3723 1080 3787 quam
1091 3701 1170 3786 justi
1185 3701 1217 3765 in
1232 3703 1329 3767 carni-

172 3827 247 3872 num
262 3805 343 3893 ignis
356 3805 443 3871 missi
458 3813 541 3883 sunt,
562 3827 726 3870 numerum
745 3803 881 3869 nominis
900 3803 1058 3891 significat
1077 3803 1169 3883 illius,
1188 3804 1221 3869 in
1236 3827 1328 3892 quem

172 3907 393 3994 recapitulatur
411 3930 467 3974 sex
485 3908 614 3972 millium
633 3929 786 3973 annorum
804 3905 906 3971 omnis
925 3905 1093 3993 apostasia,
1112 3915 1145 3972 et
1162 3906 1327 3995 injustitia,

173 4019 206 4076 et
225 4010 373 4095 nequitia,
395 4019 428 4076 et
445 4009 736 4097 pseudoprophetia,
759 4017 791 4074 et
809 4007 915 4074 dolus:
940 4017 1066 4095 propter
1085 4031 1156 4096 quae
1175 4019 1208 4078 et
1230 4011 1327 4077 ⁶dilu-

173 4113 255 4179 vium
269 4113 464 4200 superveniet
478 4112 569 4200 ignis.

221 4279 230 4310 ¹
250 4279 295 4328 Sec
307 4289 324 4328 1.
338 4289 378 4344 95,
394 4289 465 4338 2311.
482 4291 535 4344 190»
551 4289 573 4341 5·
771 4279 982 4341 resurrectionem,
998 4297 1046 4344 pro
1059 4281 1271 4336 insurrectionem.

198 4347 306 4412 ἐνοι
326 4377 363 4411 m
384 4361 467 4410 omna
484 4360 589 4424 sanant,
615 4360 724 4410 nm
821 4361 900 4412 ¹As.
914 4363 1113 4414 amurcarum.

171 4443 275 4508 scripsit,
301 4444 467 4493 ἐπανάστασιν
488 4444 532 4503 τῆς
547 4444 600 4504 γῆς,
620 4443 724 4492 insolen·
822 4441 834 4474 ⁴
852 4444 1088 4506 icommcntilorum,
1107 4447 1152 4506 τὴν
1166 4449 1214 4496 τῶν
1226 4451 1328 4499 εἰδώλων

171 4525 241 4585 tiam,
259 4525 307 4574 eine
318 4525 475 4575 rebellionem
487 4529 568 4575 terra.
604 4523 725 4587 Ιοὶυηννει
773 4525 869 4585 πλάνην
879 4527 1082 4588 συνεψευσμένων.
1101 4529 1151 4578 ΑΒ.
1164 4530 1298 4580 omrdituto.

172 4613 280 4654 υυνοαια
290 4607 454 4655 malecuncta
464 4603 583 4669 rorefecit
594 4604 665 4665 duaa,
684 4606 723 4654 ἐτ’
822 4605 903 4658 ³Aa.
915 4607 990 4658 omits
999 4609 1257 4672 waddonemandhas
1265 4627 1326 4674 ηιια.

173 4686 311 4747 ἀνάστασιν,
329 4693 372 4735 ont
389 4685 460 4736 illam
476 4685 578 4736 borbore
592 4685 668 4747 vend,
685 4687 720 4735 iu·
822 4685 878 4737 ‘rt
901 4690 1061 4752 κατάκλυσμιι
1086 4691 1248 4756 ὑπερβήσεται
1271 4694 1326 4754 πῦρ.
