3276 5086
329 352 396 417 346
708 365 891 418 ossasrar
917 364 1091 418 raoraeo

196 539 249 578 ιιι.
261 539 288 580 v
396 519 427 582 2.
473 515 742 599 Quemadmodum
756 515 840 582 enim
859 517 939 582 oliva
959 518 1102 604 neglecta
1119 524 1260 603 tempore
1278 517 1415 604 quodam
1435 519 1488 580 ιιιι

183 631 269 718 ffig
274 641 301 718 p
330 620 488 686 desertum
506 620 624 698 relicta,
644 628 677 684 et
697 619 859 706 sylvestria
879 620 1078 696 fructificans,
1101 621 1272 687 secundum
1293 643 1328 686 se
1351 621 1490 686 oleaster

222 725 269 763 2¹·
330 723 385 799 litr
410 723 458 788 vel
478 743 601 788 rursum
618 721 751 788 oleaster
773 722 985 808 ²diligentiam
1011 723 1193 809 percipiens,
1220 731 1254 788 et
1279 723 1424 801 ²inserta,
1449 723 1487 786 in

330 826 494 913 pristinam
517 833 640 890 naturae
666 825 798 891 recurrit
822 825 1112 892 fructificationem:
1144 827 1190 892 sic
1219 835 1252 892 et
1279 827 1421 892 homines
1449 827 1486 890 in

330 928 521 1015 negligentia
535 928 707 1005 constituti,
723 936 756 992 et
768 929 1033 1012 concupiscentias
1045 931 1148 994 carnis
1158 938 1307 1016 tanquam
1320 929 1486 1016 sylvestria

331 1033 565 1111 fructificantes,
580 1031 751 1097 secundum
767 1053 856 1096 suam
871 1035 1016 1096 icausam
1035 1033 1217 1098 infructuosi
1228 1032 1353 1118 justitia
1367 1033 1486 1097 consti·

168 1158 279 1198 narso.
288 1159 318 1197 aa
331 1143 470 1202 tuuntur
516 1135 555 1200 In
570 1157 608 1200 eo
622 1134 706 1200 enim
721 1135 804 1221 quod
819 1134 976 1199 donuiuut
991 1133 1166 1213 homines,'
1157 1135 1348 1200 inseminat
1339 1135 1486 1199 mimicus

168 1253 189 1291 Μ
191 1259 253 1338 up
253 1254 296 1338 Ιιιιέι
332 1237 495 1302 materiam
509 1236 651 1301 zizaniae:
675 1245 708 1300 et
722 1243 848 1323 propter
862 1234 921 1300 hoc
937 1235 1092 1300 Dominus
1106 1236 1266 1322 discipulis
1279 1236 1345 1301 suis
1357 1235 1486 1322 vigilare

167 1301 243 1442 ΜΞ
244 1302 302 1385 lt?
332 1339 490 1425 praecepit.
535 1338 580 1402 Et
594 1359 700 1403 rursus
722 1361 774 1424 qur
766 1337 976 1402 infructuosi
990 1347 1064 1402 sunt
1080 1339 1226 1425 *justitia
1242 1347 1275 1404 et
1288 1339 1372 1404 velut
1387 1338 1485 1402 senti-

331 1443 389 1506 bus
399 1440 534 1506 obvolutr
545 1440 696 1514 homines,
707 1440 750 1504 ⁴s1
760 1439 953 1526 diligentiam
962 1439 1144 1524 percrprant
1154 1439 1291 1504 etvelut
1283 1440 1485 1504 insertionem

330 1538 519 1624 accipientes
541 1539 668 1603 verbum
692 1537 793 1616 Dei,
784 1559 817 1600 ιιι
839 1537 1002 1623 pristinam
1024 1537 1151 1602 veniunt
1174 1538 1308 1602 hominis
1327 1548 1483 1616 naturam,

331 1661 401 1705 eam
426 1662 495 1727 quae
518 1641 688 1706 secundum
710 1639 880 1726 imaginem
903 1647 936 1704 et
959 1639 1194 1704 similitudinem
1214 1641 1317 1705 ⁴facta
1339 1649 1388 1705 est
1407 1639 1481 1704 Dei.

333 1743 396 1808 Sed
417 1743 676 1830 quemadmodum
700 1743 833 1808 oleaster
856 1742 1002 1821 insertus,
1026 1743 1234 1808 substantiam
1257 1743 1382 1831 quidem
1405 1741 1483 1828 ligni

331 1867 395 1911 non
417 1847 545 1924 amittit,
571 1847 770 1933 “qualitatem
793 1852 900 1910 autem
926 1847 1046 1911 fructus
1070 1847 1225 1926 immutat,
1251 1855 1284 1912 et
1307 1847 1392 1911 aliud
1416 1869 1485 1933 per-
1563 1839 1566 1842 ¹

332 1948 408 2034 cipit
425 1949 618 2028 vocabulum,
633 1950 700 2035 jam
722 1971 785 2014 non
806 1948 949 2027 oleaster,
965 1949 1021 2014 sed
1043 1949 1196 2014 fructifica
1216 1949 1297 2014 oliva
1318 1950 1484 2028 exsistens,

332 2053 383 2115 iet
397 2050 527 2115 dicitur:
556 2051 601 2116 sic
616 2058 648 2116 et
662 2051 756 2116 homo
770 2050 934 2136 perfidem
948 2050 1094 2126 insertus,
1109 2057 1141 2115 et
1155 2071 1318 2116 assumens
1333 2051 1487 2135 Spiritum

333 2151 405 2230 Dei,
425 2153 633 2219 substantiam
654 2154 779 2239 quidem
803 2152 906 2218 carnis
932 2173 994 2216 non
1016 2151 1145 2230 amittit,
1173 2152 1353 2237 qualitatem
1378 2161 1487 2217 autem

332 2255 451 2320 fructus
471 2277 599 2342 opemm
619 2256 793 2333 ⁷immutat,
809 2261 841 2319 et
862 2253 947 2319 aliud
967 2253 1083 2338 accipit
1096 2254 1289 2334 vocabulum,
1305 2255 1487 2342 significans

333 2356 418 2422 illam
443 2379 513 2444 quae
542 2357 576 2421 in
604 2357 715 2424 melius
744 2365 793 2422 eat
822 2355 1143 2434 'transmutationem
1169 2357 1237 2442 jam
1266 2379 1330 2422 non
1356 2379 1429 2422 caro
1453 2363 1487 2422 et

333 2459 471 2546 sanguis,
486 2459 542 2524 sed
557 2459 651 2525 homo
662 2457 809 2546 spiritalis
823 2457 987 2536 exsistens,
1003 2459 1056 2522 “et
1071 2457 1194 2523 dicitur.

399 2567 431 2628 3.
472 2563 741 2644 Quemadmodum
764 2569 870 2626 autem
896 2582 1004 2625 rursus
1028 2559 1171 2640 oleaster,
1197 2560 1225 2626 si
1249 2582 1313 2626 ιιοιι
1335 2561 1486 2646 percipiat

334 2665 546 2745 insertionem,
561 2673 738 2754 perseverat
755 2663 873 2728 inutilis
896 2684 954 2728 suo
977 2663 1114 2728 Domino
1133 2685 1189 2747 per
1203 2685 1292 2728 suam
1305 2663 1487 2749 sylvestrem

335 2767 527 2853 qualitatem,
544 2775 577 2832 et
591 2766 679 2853 quasi
694 2767 920 2830 infructuosum
941 2764 1061 2851 lignum
1083 2765 1248 2844 exciditur,
1271 2773 1304 2829 et
1325 2765 1358 2828 in
1381 2765 1487 2852 ignem

333 2869 484 2943 mittiturr
511 2869 557 2933 sic
583 2875 616 2932 et
641 2867 735 2932 homo
758 2888 821 2931 non
847 2887 1009 2932 assumens
1035 2887 1090 2951 per
1114 2865 1208 2930 fidem
1231 2866 1366 2951 Spiritus
1391 2868 1488 2932 inser-

333 2969 460 3049 tionem,
473 2977 648 3056 perseverat
662 2968 723 3034 hoc
737 2990 805 3034 esse
820 2969 902 3054 quod
917 2976 984 3033 erat
998 2976 1082 3047 ante,
1098 2991 1170 3034 caro
1184 2977 1217 3034 et
1231 2969 1375 3056 ⁸sanguis
1389 2971 1488 3036 exsis-

334 3081 414 3152 tens,
431 3073 576 3158 Regnum
592 3071 653 3136 Dei
675 3071 858 3137 haereditate
880 3071 1037 3157 possidere
1054 3093 1117 3136 non
1132 3079 1246 3156 potest.
1282 3071 1369 3136 Bene
1389 3073 1487 3159 igitur

170 3205 234 3246 1001.
243 3213 278 3242 ιι.
287 3204 317 3243 ιι.
336 3175 510 3260 Apostolus
545 3175 601 3254 ait,
646 3175 726 3240 (loro
756 3185 786 3241 et
816 3175 941 3261 conpore
974 3174 1113 3260 Raptum
1145 3174 1209 3240 Dei
1235 3175 1392 3260 possidere
1426 3193 1575 3242 nono-⁴¹⁴·

171 3301 310 3342 sommus
328 3285 464 3363 possunt.
518 3275 572 3354 Et,
593 3279 648 3364 qui
674 3279 709 3342 in
732 3299 825 3343 corne
844 3286 923 3356 sunt,
944 3277 1011 3341 Deo
1027 3277 1154 3363 placore
1177 3297 1237 3342 aon
1252 3288 1395 3364 postona
1422 3301 1486 3343 non

336 3379 543 3444 substantiam
566 3379 712 3467 rejiciens
732 3380 844 3460 carnis,
864 3379 920 3445 sed
940 3379 1126 3444 infusionem
1156 3379 1290 3466 Spiritus
1314 3380 1487 3448 attrahens.

382 3579 438 3629 ¹t'rt
452 3580 577 3644 deman,
592 3583 748 3647 κατ’ἔρημον.
783 3583 882 3632 OLERE.
936 3587 990 3641 trec,
1009 3579 1048 3629 ie.
1061 3579 1217 3628 theGentile
1231 3580 1252 3628 is
1267 3579 1339 3630 made
1352 3581 1485 3630 meditaba-

334 3661 374 3710 for
384 3661 505 3724 ριιοιιὰιιιι,
519 3664 565 3713 has
579 3664 683 3727 quodorn
697 3665 820 3725 tricenum,
834 3663 884 3712 and
936 3661 989 3724 olly
999 3661 1051 3710 safe
1062 3659 1087 3709 in
1099 3661 1142 3709 the
1153 3661 1199 3710 arla
1212 3661 1240 3710 of
1254 3661 1357 3711 Chriat’s
1371 3663 1487 3725 Ohuruh;

334 3744 374 3793 for
383 3759 415 3805 rr,
427 3745 524 3810 shortly
534 3745 606 3806 after,
620 3745 650 3796 ri.
936 3743 968 3792 he
979 3759 1011 3790 no
1023 3742 1103 3792 where
1114 3743 1199 3790 makes
1210 3743 1253 3791 the
1263 3747 1334 3807 great
1344 3744 1451 3794 mistalre
1461 3746 1489 3794 of

383 3823 395 3856 ¹
411 3827 548 3886 ἐπιμελείας
558 3828 645 3889 τυχών,
659 3826 709 3875 aud
718 3827 733 3874 l.
743 3826 849 3874 iruertur.
937 3824 1073 3888 suppoeing
1083 3824 1140 3872 that
1150 3824 1193 3872 the
1201 3823 1259 3872 wild
1270 3824 1335 3874 olive
1342 3826 1445 3888 branch,
1453 3827 1486 3892 by

385 3904 456 3956 'ie
475 3907 589 3969 melpum:
617 3907 746 3966 Κατὰτὴν
759 3905 838 3954 αὐτῶν
851 3905 885 3952 at·
937 3905 1064 3966 insertion,
1077 3905 1229 3968 cauchange
1243 3905 1276 3954 its
1287 3910 1415 3956 natureor
1428 3908 1487 3957 bear

335 3987 390 4035 rior
401 3987 505 4048 ἄκαρποι
518 3985 549 4048 τῇ
565 3989 702 4048 δικαιοσύνῃ
719 3987 883 4036 καθίστανται.
937 3984 980 4033 the
991 3989 1048 4033 true
1057 3985 1137 4046 olive;
1154 3985 1235 4034 which
1251 4001 1298 4034 our
1308 3988 1399 4035 author
1408 3989 1488 4036 maui-

332 4067 882 4130 Ἐντῷγὰρκαθεύδειντοὺςᾶνθρώτοιςκ.τ.λ.
937 4065 1080 4128 festlydoes
1091 4071 1177 4115 aaaert.
1206 4067 1258 4116 Aa.
1271 4065 1387 4117 admittit.

383 4147 395 4180 ⁴
412 4148 457 4198 Οι.
465 4149 510 4198 has
517 4164 540 4209 α,
550 4149 600 4198 aud
606 4149 680 4198 omits
686 4148 714 4197 ri.
737 4148 883 4211 Amfoctrra
986 4145 997 4178 ⁶
1013 4146 1141 4208 ctdicitur,
1156 4147 1208 4197 An.
1221 4148 1266 4208 bis,
1279 4147 1387 4199 atatim

384 4229 395 4262 ³
411 4231 828 4295 Theiatharpresseathebotauical
835 4247 884 4278 me·
986 4227 997 4260 ⁷
1013 4227 1412 4290 immrrtat....trorrrmatotioaem,
1429 4247 1486 4280 ror·

335 4312 426 4375 taphor
436 4312 465 4360 of
474 4312 518 4360 the
530 4312 635 4376 Apostla
648 4311 745 4361 further
758 4311 820 4360 than
834 4327 885 4360 was
938 4309 1096 4360 αλλάσσει...
1106 4313 1274 4371 καταλλαγήν.
1306 4311 1358 4361 Au.
1372 4311 1485 4363 inmittat.

336 4391 460 4440 intended.
495 4391 636 4441 AllthatS.
648 4392 712 4441 Paul
722 4391 817 4456 saysis,
828 4392 885 4441 that
985 4389 996 4423 ⁸
1013 4389 1095 4439 Soths
1102 4391 1212 4450 Cusum,
1221 4390 1313 4453 Voss,
1322 4391 1387 4442 Vnr.
1395 4393 1483 4455 MSS,

336 4472 379 4521 the
389 4471 448 4519 wild
464 4471 527 4519 oliva
537 4471 629 4520 branch
646 4473 681 4536 by
694 4473 812 4521 insertion
828 4489 884 4536 par·
936 4473 1098 4533 hutiletas,
1118 4473 1247 4538 following
1261 4474 1305 4523 the
1322 4475 1383 4536 Aa„
1402 4476 1447 4525 hus
1466 4484 1487 4526 et

336 4551 408 4600 takes
419 4551 447 4599 of
454 4551 620 4600 thereotond
630 4552 725 4612 fotam
735 4551 885 4614 ostdeolioa
935 4553 1036 4615 rcnyuia
1046 4554 1154 4616 Ηιφιιιιιι
1165 4553 1413 4618 Drinonpoeridcor.
