<?xml version="1.0" encoding="UTF-8"?>
<!DOCTYPE html PUBLIC "-//W3C//DTD XHTML 1.0 Transitional//EN"
    "http://www.w3.org/TR/xhtml1/DTD/xhtml1-transitional.dtd">
<html xmlns="http://www.w3.org/1999/xhtml" xml:lang="en" lang="en">
 <head>
  <title>
</title>
<meta http-equiv="Content-Type" content="text/html;charset=utf-8" />
  <meta name='ocr-system' content='tesseract 3.04.00' />
  <meta name='ocr-capabilities' content='ocr_page ocr_carea ocr_par ocr_line ocrx_word'/>
</head>
<body>
  <div class='ocr_page' id='page_1' title='image "./sanctiirenaeili00irengoog_0225.png"; bbox 0 0 3270 5080; ppageno 0'>
   <div class='ocr_carea' id='block_1_1' title="bbox 318 384 1188 452">
    <p class='ocr_par' dir='ltr' id='par_1_1' title="bbox 318 384 1188 452">
     <span class='ocr_line' id='line_1_1' title="bbox 318 384 1188 452; baseline 0.001 -4"><span class='ocrx_word' id='word_1_1' title='bbox 318 384 384 448; x_wconf 74' lang='grc'><strong>214</strong></span> <span class='ocrx_word' id='word_1_2' title='bbox 587 399 661 451; x_wconf 77' lang='lat' dir='ltr'><strong>PER</strong></span> <span class='ocrx_word' id='word_1_3' title='bbox 687 397 850 452; x_wconf 80' lang='lat' dir='ltr'><strong>VERBUM</strong></span> <span class='ocrx_word' id='word_1_4' title='bbox 877 399 925 450; x_wconf 84' lang='grc' dir='ltr'><strong>ΕΤ</strong></span> <span class='ocrx_word' id='word_1_5' title='bbox 950 397 1188 452; x_wconf 76' lang='grc' dir='ltr'>ΒΑΡῙΕΝΤΙΔΜ</span> 
     </span>
    </p>
   </div>
   <div class='ocr_carea' id='block_1_2' title="bbox 178 551 1470 710">
    <p class='ocr_par' dir='ltr' id='par_1_2' title="bbox 178 551 1470 710">
     <span class='ocr_line' id='line_1_2' title="bbox 178 551 1470 661; baseline -0.028 0"><span class='ocrx_word' id='word_1_6' title='bbox 178 573 283 661; x_wconf 56' lang='lat' dir='ltr'><strong>&amp;trel</strong></span> <span class='ocrx_word' id='word_1_7' title='bbox 316 555 370 627; x_wconf 65' lang='grc' dir='ltr'>ααῒ</span> <span class='ocrx_word' id='word_1_8' title='bbox 407 555 623 656; x_wconf 69' lang='grc' dir='ltr'>ααααιαῑααα»</span> <span class='ocrx_word' id='word_1_9' title='bbox 664 559 749 629; x_wconf 55' lang='lat' dir='ltr'><strong>*cal</strong></span> <span class='ocrx_word' id='word_1_10' title='bbox 786 560 928 641; x_wconf 68' lang='grc' dir='ltr'>ποιήσαι</span> <span class='ocrx_word' id='word_1_11' title='bbox 966 557 1000 628; x_wconf 74' lang='grc' dir='ltr'><strong>ἐκ</strong></span> <span class='ocrx_word' id='word_1_12' title='bbox 1034 561 1097 628; x_wconf 63' lang='grc' dir='ltr'><strong>τοι</strong></span> <span class='ocrx_word' id='word_1_13' title='bbox 1129 555 1174 642; x_wconf 73' lang='grc' dir='ltr'>ιι</span> <span class='ocrx_word' id='word_1_14' title='bbox 1212 555 1309 632; x_wconf 58' lang='grc' dir='ltr'>ὄντος</span> <span class='ocrx_word' id='word_1_15' title='bbox 1347 557 1391 632; x_wconf 64' lang='grc' dir='ltr'><strong>ια</strong></span> <span class='ocrx_word' id='word_1_16' title='bbox 1426 551 1470 626; x_wconf 57' lang='grc' dir='ltr'>τι</span> 
     </span>
     <span class='ocr_line' id='line_1_3' title="bbox 619 668 642 710; baseline 0 0"><span class='ocrx_word' id='word_1_17' title='bbox 619 668 642 710; x_wconf 73' lang='lat' dir='ltr'><strong>lt·</strong></span> 
     </span>
    </p>
   </div>
   <div class='ocr_carea' id='block_1_3' title="bbox 184 666 615 752">
    <p class='ocr_par' dir='ltr' id='par_1_3' title="bbox 184 666 615 752">
     <span class='ocr_line' id='line_1_4' title="bbox 184 666 615 752; baseline -0.009 -8"><span class='ocrx_word' id='word_1_18' title='bbox 184 667 278 752; x_wconf 53' lang='lat' dir='ltr'><strong>‘libili&#39;</strong></span> <span class='ocrx_word' id='word_1_19' title='bbox 317 668 395 740; x_wconf 78' lang='lat' dir='ltr'><strong>eluat</strong></span> <span class='ocrx_word' id='word_1_20' title='bbox 421 667 466 742; x_wconf 77' lang='grc' dir='ltr'><strong>τὰ</strong></span> <span class='ocrx_word' id='word_1_21' title='bbox 493 666 615 742; x_wconf 76' lang='grc' dir='ltr'>πάντα.</span> 
     </span>
    </p>
   </div>
   <div class='ocr_carea' id='block_1_4' title="bbox 153 759 1624 2506">
    <p class='ocr_par' dir='ltr' id='par_1_4' title="bbox 166 759 291 847">
     <span class='ocr_line' id='line_1_5' title="bbox 166 759 291 802; baseline -0.008 0"><span class='ocrx_word' id='word_1_22' title='bbox 166 759 291 802; x_wconf 70' lang='lat' dir='ltr'><strong>uisam.</strong></span> 
     </span>
     <span class='ocr_line' id='line_1_6' title="bbox 199 809 262 847; baseline -0.016 -2"><span class='ocrx_word' id='word_1_23' title='bbox 199 809 262 847; x_wconf 63' lang='lat' dir='ltr'><strong>xm.</strong></span> 
     </span>
    </p>

    <p class='ocr_par' dir='ltr' id='par_1_5' title="bbox 153 875 1624 1170">
     <span class='ocr_line' id='line_1_7' title="bbox 154 875 1624 963; baseline -0.004 -13"><span class='ocrx_word' id='word_1_24' title='bbox 154 919 280 958; x_wconf 56' lang='lat' dir='ltr'><strong>qum</strong></span> <span class='ocrx_word' id='word_1_25' title='bbox 315 877 549 956; x_wconf 76' lang='lat' dir='ltr'><strong>consummavit,</strong></span> <span class='ocrx_word' id='word_1_26' title='bbox 565 883 598 942; x_wconf 87' lang='lat' dir='ltr'><strong>et</strong></span> <span class='ocrx_word' id='word_1_27' title='bbox 612 875 687 942; x_wconf 81' lang='lat' dir='ltr'><strong>iecit</strong></span> <span class='ocrx_word' id='word_1_28' title='bbox 700 899 741 942; x_wconf 82' lang='lat' dir='ltr'><strong>ex</strong></span> <span class='ocrx_word' id='word_1_29' title='bbox 755 897 792 942; x_wconf 90' lang='lat' dir='ltr'><strong>eo</strong></span> <span class='ocrx_word' id='word_1_30' title='bbox 807 877 890 963; x_wconf 93' lang='lat' dir='ltr'><strong>quod</strong></span> <span class='ocrx_word' id='word_1_31' title='bbox 904 883 1058 954; x_wconf 89' lang='lat' dir='ltr'><strong>nouerat,</strong></span> <span class='ocrx_word' id='word_1_32' title='bbox 1075 883 1111 942; x_wconf 87' lang='lat' dir='ltr'><strong>ut</strong></span> <span class='ocrx_word' id='word_1_33' title='bbox 1125 883 1230 943; x_wconf 80' lang='lat' dir='ltr'>essent</span> <span class='ocrx_word' id='word_1_34' title='bbox 1245 876 1369 942; x_wconf 86' lang='lat' dir='ltr'><strong>omnia:</strong></span> <span class='ocrx_word' id='word_1_35' title='bbox 1392 877 1470 943; x_wconf 90' lang='lat' dir='ltr'><strong>Om-</strong></span> <span class='ocrx_word' id='word_1_36' title='bbox 1623 885 1624 944; x_wconf 70' lang='lat' dir='ltr'><strong>l</strong></span> 
     </span>
     <span class='ocr_line' id='line_1_8' title="bbox 153 945 1624 1066; baseline -0.006 -14"><span class='ocrx_word' id='word_1_37' title='bbox 153 966 266 1064; x_wconf 49' lang='lat' dir='ltr'><strong>iiiiii?</strong></span> <span class='ocrx_word' id='word_1_38' title='bbox 316 981 402 1045; x_wconf 91' lang='lat' dir='ltr'><strong>nium</strong></span> <span class='ocrx_word' id='word_1_39' title='bbox 415 1001 524 1066; x_wconf 84' lang='lat' dir='ltr'><strong>capax,</strong></span> <span class='ocrx_word' id='word_1_40' title='bbox 540 979 635 1066; x_wconf 89' lang='lat' dir='ltr'><strong>etqui</strong></span> <span class='ocrx_word' id='word_1_41' title='bbox 650 1001 671 1044; x_wconf 89' lang='lat' dir='ltr'><strong>a</strong></span> <span class='ocrx_word' id='word_1_42' title='bbox 685 979 807 1045; x_wconf 89' lang='lat' dir='ltr'><strong>nemine</strong></span> <span class='ocrx_word' id='word_1_43' title='bbox 821 979 971 1066; x_wconf 77' lang='lat' dir='ltr'><strong>capiatur.</strong></span> <span class='ocrx_word' id='word_1_44' title='bbox 1005 981 1089 1045; x_wconf 90' lang='lat' dir='ltr'><strong>Bene</strong></span> <span class='ocrx_word' id='word_1_45' title='bbox 1103 987 1209 1045; x_wconf 88' lang='lat' dir='ltr'><strong>autem</strong></span> <span class='ocrx_word' id='word_1_46' title='bbox 1220 987 1252 1044; x_wconf 90' lang='lat' dir='ltr'><strong>et</strong></span> <span class='ocrx_word' id='word_1_47' title='bbox 1267 979 1299 1043; x_wconf 94' lang='lat' dir='ltr'><strong>in</strong></span> <span class='ocrx_word' id='word_1_48' title='bbox 1310 979 1470 1066; x_wconf 83' lang='lat' dir='ltr'><strong>prophetia</strong></span> <span class='ocrx_word' id='word_1_49' title='bbox 1623 945 1624 988; x_wconf 59' lang='lat' dir='ltr'><strong>l</strong></span> 
     </span>
     <span class='ocr_line' id='line_1_9' title="bbox 153 1082 1471 1170; baseline -0.002 -22"><span class='ocrx_word' id='word_1_50' title='bbox 153 1097 271 1140; x_wconf 62' lang='lat' dir='ltr'><strong>ww·</strong></span> <span class='ocrx_word' id='word_1_51' title='bbox 317 1082 493 1148; x_wconf 77' lang='lat' dir='ltr'><strong>Malachiae</strong></span> <span class='ocrx_word' id='word_1_52' title='bbox 506 1083 566 1148; x_wconf 88' lang='lat' dir='ltr'><strong>ait:</strong></span> <span class='ocrx_word' id='word_1_53' title='bbox 585 1083 696 1148; x_wconf 81' lang='lat' dir='ltr'><strong>Nouae</strong></span> <span class='ocrx_word' id='word_1_54' title='bbox 709 1103 788 1147; x_wconf 70' lang='lat' dir='ltr'><strong>aaut</strong></span> <span class='ocrx_word' id='word_1_55' title='bbox 802 1083 886 1148; x_wconf 79' lang='lat' dir='ltr'><strong>Deua</strong></span> <span class='ocrx_word' id='word_1_56' title='bbox 899 1085 953 1170; x_wconf 84' lang='lat' dir='ltr'><strong>qui</strong></span> <span class='ocrx_word' id='word_1_57' title='bbox 966 1085 1119 1151; x_wconf 75' lang='lat' dir='ltr'><strong>mortiluit</strong></span> <span class='ocrx_word' id='word_1_58' title='bbox 1132 1083 1207 1148; x_wconf 71' lang='lat' dir='ltr'><strong>aaa?</strong></span> <span class='ocrx_word' id='word_1_59' title='bbox 1243 1083 1355 1148; x_wconf 80' lang='lat' dir='ltr'><strong>Nouae</strong></span> <span class='ocrx_word' id='word_1_60' title='bbox 1369 1083 1471 1146; x_wconf 83' lang='lat' dir='ltr'><strong>Pater</strong></span> 
     </span>
    </p>

    <p class='ocr_par' dir='ltr' id='par_1_6' title="bbox 155 1185 1468 1478">
     <span class='ocr_line' id='line_1_10' title="bbox 315 1185 1466 1274; baseline 0 -24"><span class='ocrx_word' id='word_1_61' title='bbox 315 1207 394 1250; x_wconf 71' lang='lat' dir='ltr'><strong>aaut</strong></span> <span class='ocrx_word' id='word_1_62' title='bbox 408 1187 597 1250; x_wconf 77' lang='lat' dir='ltr'><strong>calomniam</strong></span> <span class='ocrx_word' id='word_1_63' title='bbox 611 1185 772 1250; x_wconf 73' lang='lat' dir='ltr'><strong>nosrrmnt</strong></span> <span class='ocrx_word' id='word_1_64' title='bbox 806 1186 1038 1274; x_wconf 72' lang='lat' dir='ltr'><strong>consequenter</strong></span> <span class='ocrx_word' id='word_1_65' title='bbox 1051 1195 1156 1251; x_wconf 88' lang='lat' dir='ltr'><strong>autem</strong></span> <span class='ocrx_word' id='word_1_66' title='bbox 1171 1193 1204 1250; x_wconf 88' lang='lat' dir='ltr'><strong>et</strong></span> <span class='ocrx_word' id='word_1_67' title='bbox 1218 1185 1392 1271; x_wconf 79' lang='lat' dir='ltr'><strong>Apostolus</strong></span> <span class='ocrx_word' id='word_1_68' title='bbox 1406 1185 1466 1250; x_wconf 84' lang='lat' dir='ltr'><strong>ait:</strong></span> 
     </span>
     <span class='ocr_line' id='line_1_11' title="bbox 155 1285 1467 1376; baseline -0.006 -16"><span class='ocrx_word' id='word_1_69' title='bbox 155 1305 292 1360; x_wconf 64' lang='grc' dir='ltr'>Βιαααααα</span> <span class='ocrx_word' id='word_1_70' title='bbox 323 1288 409 1354; x_wconf 70' lang='lat' dir='ltr'><strong>Unus</strong></span> <span class='ocrx_word' id='word_1_71' title='bbox 425 1289 519 1367; x_wconf 74' lang='lat' dir='ltr'><strong>Dara,</strong></span> <span class='ocrx_word' id='word_1_72' title='bbox 540 1288 650 1374; x_wconf 88' lang='lat' dir='ltr'><strong>inquit,</strong></span> <span class='ocrx_word' id='word_1_73' title='bbox 671 1289 781 1368; x_wconf 84' lang='lat' dir='ltr'><strong>Pater,</strong></span> <span class='ocrx_word' id='word_1_74' title='bbox 802 1289 856 1374; x_wconf 82' lang='lat' dir='ltr'><strong>qui</strong></span> <span class='ocrx_word' id='word_1_75' title='bbox 875 1311 966 1376; x_wconf 66' lang='lat' dir='ltr'><strong>uper</strong></span> <span class='ocrx_word' id='word_1_76' title='bbox 986 1310 1093 1366; x_wconf 72' lang='lat' dir='ltr'><strong>omnen,</strong></span> <span class='ocrx_word' id='word_1_77' title='bbox 1115 1298 1143 1353; x_wconf 80' lang='lat' dir='ltr'><strong>et</strong></span> <span class='ocrx_word' id='word_1_78' title='bbox 1164 1289 1198 1352; x_wconf 82' lang='lat' dir='ltr'><strong>in</strong></span> <span class='ocrx_word' id='word_1_79' title='bbox 1219 1286 1355 1352; x_wconf 81' lang='lat' dir='ltr'><strong>omnidua</strong></span> <span class='ocrx_word' id='word_1_80' title='bbox 1374 1285 1467 1352; x_wconf 75' lang='lat' dir='ltr'><strong>nodia</strong></span> 
     </span>
     <span class='ocr_line' id='line_1_12' title="bbox 155 1390 1468 1478; baseline -0.006 -16"><span class='ocrx_word' id='word_1_81' title='bbox 155 1420 292 1464; x_wconf 67' lang='lat' dir='ltr'><strong>unuin.</strong></span> <span class='ocrx_word' id='word_1_82' title='bbox 318 1391 468 1456; x_wconf 86' lang='lat' dir='ltr'><strong>Similiter</strong></span> <span class='ocrx_word' id='word_1_83' title='bbox 487 1399 592 1456; x_wconf 90' lang='lat' dir='ltr'><strong>autem</strong></span> <span class='ocrx_word' id='word_1_84' title='bbox 606 1401 640 1456; x_wconf 85' lang='lat' dir='ltr'><strong>et</strong></span> <span class='ocrx_word' id='word_1_85' title='bbox 660 1390 833 1456; x_wconf 81' lang='lat' dir='ltr'><strong>Dominus:</strong></span> <span class='ocrx_word' id='word_1_86' title='bbox 859 1393 970 1456; x_wconf 83' lang='lat' dir='ltr'><strong>Omnia</strong></span> <span class='ocrx_word' id='word_1_87' title='bbox 990 1392 1077 1470; x_wconf 83' lang='lat' dir='ltr'><strong>mili,</strong></span> <span class='ocrx_word' id='word_1_88' title='bbox 1098 1391 1209 1478; x_wconf 88' lang='lat' dir='ltr'><strong>inquit,</strong></span> <span class='ocrx_word' id='word_1_89' title='bbox 1225 1391 1343 1454; x_wconf 82' lang='lat' dir='ltr'><strong>tradita</strong></span> <span class='ocrx_word' id='word_1_90' title='bbox 1360 1399 1429 1454; x_wconf 76' lang='lat' dir='ltr'><strong>aaut</strong></span> <span class='ocrx_word' id='word_1_91' title='bbox 1445 1411 1468 1454; x_wconf 93' lang='grc' dir='ltr'>α</span> 
     </span>
    </p>

    <p class='ocr_par' dir='ltr' id='par_1_7' title="bbox 315 1491 1467 1580">
     <span class='ocr_line' id='line_1_13' title="bbox 315 1491 1467 1580; baseline -0.002 -21"><span class='ocrx_word' id='word_1_92' title='bbox 315 1496 416 1560; x_wconf 81' lang='lat' dir='ltr'><strong>Putre</strong></span> <span class='ocrx_word' id='word_1_93' title='bbox 431 1515 513 1565; x_wconf 64' lang='lat' dir='ltr'><strong>mem·</strong></span> <span class='ocrx_word' id='word_1_94' title='bbox 529 1493 692 1558; x_wconf 77' lang='lat' dir='ltr'><strong>manifeste</strong></span> <span class='ocrx_word' id='word_1_95' title='bbox 706 1493 747 1557; x_wconf 91' lang='lat' dir='ltr'><strong>ab</strong></span> <span class='ocrx_word' id='word_1_96' title='bbox 761 1515 799 1558; x_wconf 92' lang='lat' dir='ltr'><strong>eo</strong></span> <span class='ocrx_word' id='word_1_97' title='bbox 813 1493 865 1580; x_wconf 92' lang='lat' dir='ltr'><strong>qui</strong></span> <span class='ocrx_word' id='word_1_98' title='bbox 880 1495 985 1558; x_wconf 89' lang='lat' dir='ltr'><strong>omnia</strong></span> <span class='ocrx_word' id='word_1_99' title='bbox 998 1493 1087 1558; x_wconf 86' lang='lat' dir='ltr'><strong>lecit:</strong></span> <span class='ocrx_word' id='word_1_100' title='bbox 1108 1515 1171 1558; x_wconf 89' lang='lat' dir='ltr'><strong>non</strong></span> <span class='ocrx_word' id='word_1_101' title='bbox 1185 1493 1269 1558; x_wconf 91' lang='lat' dir='ltr'><strong>enim</strong></span> <span class='ocrx_word' id='word_1_102' title='bbox 1285 1491 1395 1570; x_wconf 90' lang='lat' dir='ltr'><strong>aliena,</strong></span> <span class='ocrx_word' id='word_1_103' title='bbox 1411 1491 1467 1557; x_wconf 83' lang='lat' dir='ltr'><strong>aed</strong></span> 
     </span>
    </p>

    <p class='ocr_par' dir='ltr' id='par_1_8' title="bbox 155 1595 1468 1788">
     <span class='ocr_line' id='line_1_14' title="bbox 315 1595 1467 1663; baseline -0.003 0"><span class='ocrx_word' id='word_1_104' title='bbox 315 1619 373 1663; x_wconf 84' lang='lat' dir='ltr'><strong>aua</strong></span> <span class='ocrx_word' id='word_1_105' title='bbox 400 1597 528 1662; x_wconf 76' lang='lat' dir='ltr'><strong>tradidit</strong></span> <span class='ocrx_word' id='word_1_106' title='bbox 557 1595 596 1661; x_wconf 89' lang='lat' dir='ltr'><strong>ei.</strong></span> <span class='ocrx_word' id='word_1_107' title='bbox 642 1595 681 1659; x_wconf 91' lang='lat' dir='ltr'><strong>ln</strong></span> <span class='ocrx_word' id='word_1_108' title='bbox 706 1595 850 1661; x_wconf 76' lang='lat' dir='ltr'><strong>omnihus</strong></span> <span class='ocrx_word' id='word_1_109' title='bbox 877 1604 983 1661; x_wconf 83' lang='lat' dir='ltr'><strong>autem</strong></span> <span class='ocrx_word' id='word_1_110' title='bbox 1012 1597 1088 1660; x_wconf 86' lang='lat' dir='ltr'><strong>nihil</strong></span> <span class='ocrx_word' id='word_1_111' title='bbox 1116 1598 1311 1661; x_wconf 80' lang='lat' dir='ltr'><strong>subtractum</strong></span> <span class='ocrx_word' id='word_1_112' title='bbox 1339 1603 1406 1660; x_wconf 82' lang='lat' dir='ltr'><strong>est:</strong></span> <span class='ocrx_word' id='word_1_113' title='bbox 1434 1605 1467 1660; x_wconf 88' lang='lat' dir='ltr'><strong>et</strong></span> 
     </span>
     <span class='ocr_line' id='line_1_15' title="bbox 155 1697 1468 1788; baseline -0.002 -22"><span class='ocrx_word' id='word_1_114' title='bbox 155 1714 258 1766; x_wconf 66' lang='lat' dir='ltr'><strong>Aroe-1¹2</strong></span> <span class='ocrx_word' id='word_1_115' title='bbox 270 1715 289 1758; x_wconf 87' lang='lat'><strong>⁷·</strong></span> <span class='ocrx_word' id='word_1_116' title='bbox 316 1709 442 1788; x_wconf 89' lang='lat' dir='ltr'><strong>propter</strong></span> <span class='ocrx_word' id='word_1_117' title='bbox 470 1699 529 1764; x_wconf 89' lang='lat' dir='ltr'><strong>hoc</strong></span> <span class='ocrx_word' id='word_1_118' title='bbox 558 1697 640 1763; x_wconf 89' lang='lat' dir='ltr'><strong>idem</strong></span> <span class='ocrx_word' id='word_1_119' title='bbox 666 1707 715 1763; x_wconf 83' lang='lat' dir='ltr'><strong>est</strong></span> <span class='ocrx_word' id='word_1_120' title='bbox 743 1699 768 1762; x_wconf 89' lang='lat' dir='ltr'><strong>J</strong></span> <span class='ocrx_word' id='word_1_121' title='bbox 770 1699 852 1764; x_wconf 79' lang='lat' dir='ltr'><strong>udex</strong></span> <span class='ocrx_word' id='word_1_122' title='bbox 876 1699 1044 1765; x_wconf 84' lang='lat' dir='ltr'><strong>viventium</strong></span> <span class='ocrx_word' id='word_1_123' title='bbox 1073 1708 1106 1765; x_wconf 88' lang='lat' dir='ltr'><strong>et</strong></span> <span class='ocrx_word' id='word_1_124' title='bbox 1130 1708 1331 1778; x_wconf 89' lang='lat' dir='ltr'><strong>mortuorum,</strong></span> <span class='ocrx_word' id='word_1_125' title='bbox 1358 1699 1468 1764; x_wconf 77' lang='lat' dir='ltr'><strong>hodene</strong></span> 
     </span>
    </p>

    <p class='ocr_par' dir='ltr' id='par_1_9' title="bbox 155 1802 1468 1992">
     <span class='ocr_line' id='line_1_16' title="bbox 316 1802 1466 1888; baseline -0.001 -20"><span class='ocrx_word' id='word_1_126' title='bbox 316 1805 431 1870; x_wconf 74' lang='lat' dir='ltr'><strong>ebanem</strong></span> <span class='ocrx_word' id='word_1_127' title='bbox 446 1803 557 1867; x_wconf 75' lang='lat' dir='ltr'><strong>David</strong></span> <span class='ocrx_word' id='word_1_128' title='bbox 564 1825 574 1863; x_wconf 92' lang='lat'><em>:</em></span> <span class='ocrx_word' id='word_1_129' title='bbox 592 1803 737 1888; x_wconf 81' lang='lat' dir='ltr'><strong>¹aperict,</strong></span> <span class='ocrx_word' id='word_1_130' title='bbox 756 1811 784 1866; x_wconf 81' lang='lat' dir='ltr'><strong>et</strong></span> <span class='ocrx_word' id='word_1_131' title='bbox 796 1825 879 1867; x_wconf 83' lang='lat' dir='ltr'><strong>nemo</strong></span> <span class='ocrx_word' id='word_1_132' title='bbox 893 1803 1032 1867; x_wconf 79' lang='lat' dir='ltr'><strong>claudet:</strong></span> <span class='ocrx_word' id='word_1_133' title='bbox 1049 1802 1179 1879; x_wconf 81' lang='lat' dir='ltr'><strong>claudet,</strong></span> <span class='ocrx_word' id='word_1_134' title='bbox 1194 1813 1221 1866; x_wconf 80' lang='lat' dir='ltr'><strong>et</strong></span> <span class='ocrx_word' id='word_1_135' title='bbox 1242 1823 1325 1866; x_wconf 82' lang='lat' dir='ltr'><strong>nemo</strong></span> <span class='ocrx_word' id='word_1_136' title='bbox 1339 1803 1466 1888; x_wconf 74' lang='lat' dir='ltr'><strong>operiet.</strong></span> 
     </span>
     <span class='ocr_line' id='line_1_17' title="bbox 155 1905 1468 1992; baseline -0.005 -16"><span class='ocrx_word' id='word_1_137' title='bbox 155 1929 219 1976; x_wconf 71' lang='grc' dir='ltr'><strong>Αιοα</strong></span> <span class='ocrx_word' id='word_1_138' title='bbox 230 1926 276 1964; x_wconf 65' lang='grc' dir='ltr'>αα</span> <span class='ocrx_word' id='word_1_139' title='bbox 318 1906 420 1972; x_wconf 90' lang='lat' dir='ltr'><strong>Nemo</strong></span> <span class='ocrx_word' id='word_1_140' title='bbox 434 1907 518 1971; x_wconf 89' lang='lat' dir='ltr'><strong>enim</strong></span> <span class='ocrx_word' id='word_1_141' title='bbox 532 1905 612 1970; x_wconf 89' lang='lat' dir='ltr'><strong>aliue</strong></span> <span class='ocrx_word' id='word_1_142' title='bbox 627 1913 749 1992; x_wconf 86' lang='lat' dir='ltr'><strong>poterat</strong></span> <span class='ocrx_word' id='word_1_143' title='bbox 763 1927 820 1971; x_wconf 89' lang='lat' dir='ltr'><strong>nec</strong></span> <span class='ocrx_word' id='word_1_144' title='bbox 841 1905 873 1970; x_wconf 93' lang='lat' dir='ltr'><strong>in</strong></span> <span class='ocrx_word' id='word_1_145' title='bbox 888 1907 977 1984; x_wconf 89' lang='lat' dir='ltr'><strong>coelo,</strong></span> <span class='ocrx_word' id='word_1_146' title='bbox 993 1927 1051 1971; x_wconf 91' lang='lat' dir='ltr'><strong>nec</strong></span> <span class='ocrx_word' id='word_1_147' title='bbox 1066 1906 1206 1984; x_wconf 89' lang='lat' dir='ltr'><strong>interra,</strong></span> <span class='ocrx_word' id='word_1_148' title='bbox 1222 1929 1279 1972; x_wconf 93' lang='lat' dir='ltr'><strong>nec</strong></span> <span class='ocrx_word' id='word_1_149' title='bbox 1294 1907 1369 1971; x_wconf 80' lang='lat' dir='ltr'><strong>²sub</strong></span> <span class='ocrx_word' id='word_1_150' title='bbox 1383 1914 1468 1970; x_wconf 86' lang='lat' dir='ltr'><strong>terra</strong></span> 
     </span>
    </p>

    <p class='ocr_par' dir='ltr' id='par_1_10' title="bbox 315 2008 1467 2096">
     <span class='ocr_line' id='line_1_18' title="bbox 315 2008 1467 2096; baseline -0.002 -20"><span class='ocrx_word' id='word_1_151' title='bbox 315 2011 435 2096; x_wconf 86' lang='lat' dir='ltr'><strong>aperire</strong></span> <span class='ocrx_word' id='word_1_152' title='bbox 453 2019 616 2096; x_wconf 88' lang='lat' dir='ltr'><strong>paternum</strong></span> <span class='ocrx_word' id='word_1_153' title='bbox 636 2008 758 2085; x_wconf 90' lang='lat' dir='ltr'><strong>librum,</strong></span> <span class='ocrx_word' id='word_1_154' title='bbox 773 2029 831 2073; x_wconf 88' lang='lat' dir='ltr'><strong>nec</strong></span> <span class='ocrx_word' id='word_1_155' title='bbox 852 2009 955 2074; x_wconf 88' lang='lat' dir='ltr'><strong>videre</strong></span> <span class='ocrx_word' id='word_1_156' title='bbox 976 2031 1059 2086; x_wconf 91' lang='lat' dir='ltr'><strong>eum,</strong></span> <span class='ocrx_word' id='word_1_157' title='bbox 1082 2009 1141 2074; x_wconf 86' lang='lat' dir='ltr'><strong>nisi</strong></span> <span class='ocrx_word' id='word_1_158' title='bbox 1161 2031 1262 2096; x_wconf 86' lang='lat' dir='ltr'><strong>agnus</strong></span> <span class='ocrx_word' id='word_1_159' title='bbox 1276 2009 1328 2094; x_wconf 93' lang='lat' dir='ltr'><strong>qui</strong></span> <span class='ocrx_word' id='word_1_160' title='bbox 1346 2009 1467 2074; x_wconf 81' lang='lat' dir='ltr'><strong>occisus</strong></span> 
     </span>
    </p>

    <p class='ocr_par' dir='ltr' id='par_1_11' title="bbox 317 2111 1467 2200">
     <span class='ocr_line' id='line_1_19' title="bbox 317 2111 1467 2200; baseline -0.003 -21"><span class='ocrx_word' id='word_1_161' title='bbox 317 2123 376 2192; x_wconf 89' lang='lat' dir='ltr'><strong>eet,</strong></span> <span class='ocrx_word' id='word_1_162' title='bbox 399 2123 431 2179; x_wconf 89' lang='lat' dir='ltr'><strong>et</strong></span> <span class='ocrx_word' id='word_1_163' title='bbox 450 2113 601 2200; x_wconf 80' lang='lat' dir='ltr'><strong>sanguine</strong></span> <span class='ocrx_word' id='word_1_164' title='bbox 624 2135 682 2178; x_wconf 82' lang='lat' dir='ltr'><strong>auo</strong></span> <span class='ocrx_word' id='word_1_165' title='bbox 707 2111 838 2177; x_wconf 84' lang='lat' dir='ltr'><strong>redemit</strong></span> <span class='ocrx_word' id='word_1_166' title='bbox 859 2133 927 2192; x_wconf 80' lang='lat' dir='ltr'><strong>nos,</strong></span> <span class='ocrx_word' id='word_1_167' title='bbox 953 2113 1135 2189; x_wconf 87' lang='lat' dir='ltr'><strong>abeodem,</strong></span> <span class='ocrx_word' id='word_1_168' title='bbox 1158 2112 1211 2197; x_wconf 91' lang='lat' dir='ltr'><strong>qui</strong></span> <span class='ocrx_word' id='word_1_169' title='bbox 1231 2112 1336 2177; x_wconf 90' lang='lat' dir='ltr'><strong>omnia</strong></span> <span class='ocrx_word' id='word_1_170' title='bbox 1359 2112 1467 2176; x_wconf 88' lang='lat' dir='ltr'><strong>Verbo</strong></span> 
     </span>
    </p>

    <p class='ocr_par' dir='ltr' id='par_1_12' title="bbox 154 2215 1468 2404">
     <span class='ocr_line' id='line_1_20' title="bbox 316 2215 1468 2302; baseline -0.003 -20"><span class='ocrx_word' id='word_1_171' title='bbox 316 2217 391 2284; x_wconf 84' lang='lat' dir='ltr'><strong>fecit</strong></span> <span class='ocrx_word' id='word_1_172' title='bbox 404 2225 436 2282; x_wconf 88' lang='lat' dir='ltr'><strong>et</strong></span> <span class='ocrx_word' id='word_1_173' title='bbox 450 2216 610 2302; x_wconf 78' lang='lat' dir='ltr'><strong>Sapientia</strong></span> <span class='ocrx_word' id='word_1_174' title='bbox 623 2215 795 2293; x_wconf 79' lang='lat' dir='ltr'><strong>adornavit,</strong></span> <span class='ocrx_word' id='word_1_175' title='bbox 807 2215 963 2300; x_wconf 82' lang='lat' dir='ltr'><strong>accipiens</strong></span> <span class='ocrx_word' id='word_1_176' title='bbox 978 2215 1116 2280; x_wconf 90' lang='lat' dir='ltr'><strong>omnium</strong></span> <span class='ocrx_word' id='word_1_177' title='bbox 1131 2224 1328 2302; x_wconf 85' lang='lat' dir='ltr'><strong>potestatem,</strong></span> <span class='ocrx_word' id='word_1_178' title='bbox 1344 2215 1468 2302; x_wconf 89' lang='lat' dir='ltr'><strong>quando</strong></span> 
     </span>
     <span class='ocr_line' id='line_1_21' title="bbox 154 2317 1468 2404; baseline -0.006 -16"><span class='ocrx_word' id='word_1_179' title='bbox 154 2350 203 2390; x_wconf 73' lang='lat' dir='ltr'><strong>ron.</strong></span> <span class='ocrx_word' id='word_1_180' title='bbox 213 2349 227 2388; x_wconf 91' lang='grc' dir='ltr'>ι</span> <span class='ocrx_word' id='word_1_181' title='bbox 238 2349 266 2388; x_wconf 97' lang='grc' dir='ltr'><strong>ιι</strong></span> <span class='ocrx_word' id='word_1_182' title='bbox 324 2318 454 2384; x_wconf 80' lang='lat' dir='ltr'><strong>Verbum</strong></span> <span class='ocrx_word' id='word_1_183' title='bbox 473 2341 545 2382; x_wconf 88' lang='lat' dir='ltr'><strong>coro</strong></span> <span class='ocrx_word' id='word_1_184' title='bbox 556 2320 745 2402; x_wconf 75' lang='lat' dir='ltr'><strong>factumest,</strong></span> <span class='ocrx_word' id='word_1_185' title='bbox 762 2321 815 2381; x_wconf 69' lang='grc' dir='ltr'><strong>8ιιι</strong></span> <span class='ocrx_word' id='word_1_186' title='bbox 831 2317 1091 2404; x_wconf 78' lang='lat' dir='ltr'><strong>quemadmodum</strong></span> <span class='ocrx_word' id='word_1_187' title='bbox 1106 2318 1137 2381; x_wconf 91' lang='lat' dir='ltr'><strong>in</strong></span> <span class='ocrx_word' id='word_1_188' title='bbox 1153 2317 1240 2383; x_wconf 86' lang='lat' dir='ltr'><strong>coelis</strong></span> <span class='ocrx_word' id='word_1_189' title='bbox 1261 2319 1468 2404; x_wconf 82' lang='lat' dir='ltr'><strong>principatum</strong></span> 
     </span>
    </p>

    <p class='ocr_par' dir='ltr' id='par_1_13' title="bbox 317 2419 1469 2506">
     <span class='ocr_line' id='line_1_22' title="bbox 317 2419 1469 2506; baseline -0.003 -20"><span class='ocrx_word' id='word_1_190' title='bbox 317 2423 425 2488; x_wconf 87' lang='lat' dir='ltr'><strong>habuit</strong></span> <span class='ocrx_word' id='word_1_191' title='bbox 441 2422 582 2486; x_wconf 90' lang='lat' dir='ltr'><strong>Verbum</strong></span> <span class='ocrx_word' id='word_1_192' title='bbox 598 2419 671 2498; x_wconf 91' lang='lat' dir='ltr'><strong>Dei,</strong></span> <span class='ocrx_word' id='word_1_193' title='bbox 692 2421 736 2486; x_wconf 87' lang='lat' dir='ltr'><strong>sic</strong></span> <span class='ocrx_word' id='word_1_194' title='bbox 752 2427 783 2485; x_wconf 87' lang='lat' dir='ltr'><strong>et</strong></span> <span class='ocrx_word' id='word_1_195' title='bbox 799 2421 831 2484; x_wconf 93' lang='lat' dir='ltr'><strong>in</strong></span> <span class='ocrx_word' id='word_1_196' title='bbox 845 2427 928 2484; x_wconf 86' lang='lat' dir='ltr'><strong>terra</strong></span> <span class='ocrx_word' id='word_1_197' title='bbox 942 2420 1071 2485; x_wconf 84' lang='lat' dir='ltr'><strong>haberet</strong></span> <span class='ocrx_word' id='word_1_198' title='bbox 1089 2419 1306 2506; x_wconf 76' lang='lat' dir='ltr'><strong>principatum,</strong></span> <span class='ocrx_word' id='word_1_199' title='bbox 1322 2419 1469 2506; x_wconf 89' lang='lat' dir='ltr'><strong>quoniam</strong></span> 
     </span>
    </p>
   </div>
   <div class='ocr_carea' id='block_1_5' title="bbox 154 2522 1469 2612">
    <p class='ocr_par' dir='ltr' id='par_1_14' title="bbox 154 2522 1469 2612">
     <span class='ocr_line' id='line_1_23' title="bbox 154 2522 1469 2612; baseline -0.003 -22"><span class='ocrx_word' id='word_1_200' title='bbox 154 2543 248 2584; x_wconf 70' lang='lat' dir='ltr'><strong>man</strong></span> <span class='ocrx_word' id='word_1_201' title='bbox 258 2545 287 2583; x_wconf 71' lang='lat' dir='ltr'><strong>a</strong></span> <span class='ocrx_word' id='word_1_202' title='bbox 317 2525 409 2591; x_wconf 89' lang='lat' dir='ltr'><strong>homo</strong></span> <span class='ocrx_word' id='word_1_203' title='bbox 425 2526 541 2612; x_wconf 80' lang='lat' dir='ltr'><strong>justus,</strong></span> <span class='ocrx_word' id='word_1_204' title='bbox 562 2523 616 2608; x_wconf 83' lang='lat' dir='ltr'><strong>qui</strong></span> <span class='ocrx_word' id='word_1_205' title='bbox 623 2533 783 2610; x_wconf 79' lang='lat' dir='ltr'><strong>peccatum</strong></span> <span class='ocrx_word' id='word_1_206' title='bbox 800 2545 858 2587; x_wconf 81' lang='lat' dir='ltr'><strong>noa</strong></span> <span class='ocrx_word' id='word_1_207' title='bbox 871 2524 960 2608; x_wconf 75' lang='lat' dir='ltr'><strong>fhclt,</strong></span> <span class='ocrx_word' id='word_1_208' title='bbox 976 2545 1029 2587; x_wconf 80' lang='lat' dir='ltr'><strong>acc</strong></span> <span class='ocrx_word' id='word_1_209' title='bbox 1048 2524 1187 2588; x_wconf 76' lang='lat' dir='ltr'><strong>iuuentae</strong></span> <span class='ocrx_word' id='word_1_210' title='bbox 1204 2533 1245 2588; x_wconf 75' lang='lat' dir='ltr'><strong>eu</strong></span> <span class='ocrx_word' id='word_1_211' title='bbox 1258 2522 1343 2588; x_wconf 79' lang='lat' dir='ltr'><strong>dolus</strong></span> <span class='ocrx_word' id='word_1_212' title='bbox 1362 2524 1395 2586; x_wconf 83' lang='lat' dir='ltr'><strong>in</strong></span> <span class='ocrx_word' id='word_1_213' title='bbox 1417 2543 1469 2587; x_wconf 83' lang='lat' dir='ltr'><strong>ore</strong></span> 
     </span>
    </p>
   </div>
   <div class='ocr_carea' id='block_1_6' title="bbox 152 2635 1470 3651">
    <p class='ocr_par' dir='ltr' id='par_1_15' title="bbox 316 2635 1468 2724">
     <span class='ocr_line' id='line_1_24' title="bbox 316 2635 1468 2724; baseline -0.004 -21"><span class='ocrx_word' id='word_1_214' title='bbox 316 2637 395 2724; x_wconf 62' lang='lat' dir='ltr'><strong>aliam</strong></span> <span class='ocrx_word' id='word_1_215' title='bbox 419 2638 625 2724; x_wconf 89' lang='lat' dir='ltr'><strong>principatum</strong></span> <span class='ocrx_word' id='word_1_216' title='bbox 644 2644 750 2700; x_wconf 90' lang='lat' dir='ltr'><strong>autem</strong></span> <span class='ocrx_word' id='word_1_217' title='bbox 772 2635 886 2700; x_wconf 87' lang='lat' dir='ltr'><strong>habeat</strong></span> <span class='ocrx_word' id='word_1_218' title='bbox 905 2657 1012 2700; x_wconf 92' lang='lat' dir='ltr'><strong>eorum</strong></span> <span class='ocrx_word' id='word_1_219' title='bbox 1027 2659 1096 2722; x_wconf 82' lang='lat' dir='ltr'><strong>quae</strong></span> <span class='ocrx_word' id='word_1_220' title='bbox 1111 2643 1185 2700; x_wconf 84' lang='lat' dir='ltr'><strong>eunt</strong></span> <span class='ocrx_word' id='word_1_221' title='bbox 1206 2635 1265 2700; x_wconf 88' lang='lat' dir='ltr'><strong>sub</strong></span> <span class='ocrx_word' id='word_1_222' title='bbox 1286 2645 1378 2714; x_wconf 87' lang='lat' dir='ltr'><strong>terra,</strong></span> <span class='ocrx_word' id='word_1_223' title='bbox 1401 2635 1468 2719; x_wconf 83' lang='lat' dir='ltr'><strong>ipse</strong></span> 
     </span>
    </p>

    <p class='ocr_par' dir='ltr' id='par_1_16' title="bbox 154 2740 1468 2830">
     <span class='ocr_line' id='line_1_25' title="bbox 154 2740 1468 2830; baseline -0.001 -25"><span class='ocrx_word' id='word_1_224' title='bbox 154 2755 281 2796; x_wconf 63' lang='lat' dir='ltr'><strong>caeam</strong></span> <span class='ocrx_word' id='word_1_225' title='bbox 315 2741 540 2830; x_wconf 87' lang='lat' dir='ltr'><strong>primogenitus</strong></span> <span class='ocrx_word' id='word_1_226' title='bbox 565 2747 757 2804; x_wconf 86' lang='lat' dir='ltr'><strong>mortuorum</strong></span> <span class='ocrx_word' id='word_1_227' title='bbox 782 2740 893 2816; x_wconf 84' lang='lat' dir='ltr'><strong>iactus,</strong></span> <span class='ocrx_word' id='word_1_228' title='bbox 916 2749 949 2804; x_wconf 86' lang='lat' dir='ltr'><strong>et</strong></span> <span class='ocrx_word' id='word_1_229' title='bbox 970 2749 1006 2805; x_wconf 90' lang='lat' dir='ltr'><strong>ut</strong></span> <span class='ocrx_word' id='word_1_230' title='bbox 1031 2741 1157 2806; x_wconf 87' lang='lat' dir='ltr'><strong>videant</strong></span> <span class='ocrx_word' id='word_1_231' title='bbox 1181 2741 1295 2820; x_wconf 89' lang='lat' dir='ltr'><strong>omnia,</strong></span> <span class='ocrx_word' id='word_1_232' title='bbox 1322 2741 1468 2828; x_wconf 89' lang='lat' dir='ltr'><strong>quemad-</strong></span> 
     </span>
    </p>

    <p class='ocr_par' dir='ltr' id='par_1_17' title="bbox 316 2841 1468 2929">
     <span class='ocr_line' id='line_1_26' title="bbox 316 2841 1468 2929; baseline -0.002 -21"><span class='ocrx_word' id='word_1_233' title='bbox 316 2845 442 2910; x_wconf 88' lang='lat' dir='ltr'><strong>modum</strong></span> <span class='ocrx_word' id='word_1_234' title='bbox 463 2841 673 2929; x_wconf 85' lang='lat' dir='ltr'><strong>praediximua,</strong></span> <span class='ocrx_word' id='word_1_235' title='bbox 696 2865 787 2908; x_wconf 84' lang='lat' dir='ltr'><strong>suum</strong></span> <span class='ocrx_word' id='word_1_236' title='bbox 817 2843 954 2928; x_wconf 79' lang='lat' dir='ltr'><strong>Regem:</strong></span> <span class='ocrx_word' id='word_1_237' title='bbox 985 2851 1018 2908; x_wconf 89' lang='lat' dir='ltr'><strong>et</strong></span> <span class='ocrx_word' id='word_1_238' title='bbox 1039 2851 1075 2907; x_wconf 86' lang='lat' dir='ltr'><strong>ut</strong></span> <span class='ocrx_word' id='word_1_239' title='bbox 1104 2843 1137 2907; x_wconf 93' lang='lat' dir='ltr'><strong>in</strong></span> <span class='ocrx_word' id='word_1_240' title='bbox 1167 2856 1309 2908; x_wconf 82' lang='lat' dir='ltr'><strong>⁴carnem</strong></span> <span class='ocrx_word' id='word_1_241' title='bbox 1339 2843 1468 2908; x_wconf 89' lang='lat' dir='ltr'><strong>Domini</strong></span> 
     </span>
    </p>

    <p class='ocr_par' dir='ltr' id='par_1_18' title="bbox 314 2943 1468 3135">
     <span class='ocr_line' id='line_1_27' title="bbox 314 2943 1468 3030; baseline 0 -19"><span class='ocrx_word' id='word_1_242' title='bbox 314 2946 430 3011; x_wconf 74' lang='lat' dir='ltr'><strong>moseri</strong></span> <span class='ocrx_word' id='word_1_243' title='bbox 444 2953 587 3011; x_wconf 88' lang='lat' dir='ltr'><strong>occurrat</strong></span> <span class='ocrx_word' id='word_1_244' title='bbox 597 2953 726 3029; x_wconf 86' lang='lat' dir='ltr'><strong>paterna</strong></span> <span class='ocrx_word' id='word_1_245' title='bbox 740 2943 804 3021; x_wconf 86' lang='lat' dir='ltr'><strong>lux,</strong></span> <span class='ocrx_word' id='word_1_246' title='bbox 816 2952 849 3009; x_wconf 87' lang='lat' dir='ltr'><strong>et</strong></span> <span class='ocrx_word' id='word_1_247' title='bbox 862 2965 882 3008; x_wconf 91' lang='lat' dir='ltr'><strong>a</strong></span> <span class='ocrx_word' id='word_1_248' title='bbox 896 2966 989 3009; x_wconf 89' lang='lat' dir='ltr'><strong>carne</strong></span> <span class='ocrx_word' id='word_1_249' title='bbox 1003 2945 1072 3030; x_wconf 80' lang='lat' dir='ltr'><strong>ejus</strong></span> <span class='ocrx_word' id='word_1_250' title='bbox 1085 2946 1179 3010; x_wconf 85' lang='lat' dir='ltr'><strong>rutila</strong></span> <span class='ocrx_word' id='word_1_251' title='bbox 1191 2946 1294 3011; x_wconf 86' lang='lat' dir='ltr'><strong>veniat</strong></span> <span class='ocrx_word' id='word_1_252' title='bbox 1308 2945 1340 3009; x_wconf 92' lang='lat' dir='ltr'><strong>in</strong></span> <span class='ocrx_word' id='word_1_253' title='bbox 1355 2969 1422 3024; x_wconf 84' lang='lat' dir='ltr'><strong>noa,</strong></span> <span class='ocrx_word' id='word_1_254' title='bbox 1434 2955 1468 3011; x_wconf 90' lang='lat' dir='ltr'><strong>et</strong></span> 
     </span>
     <span class='ocr_line' id='line_1_28' title="bbox 315 3045 1440 3135; baseline 0 -21"><span class='ocrx_word' id='word_1_255' title='bbox 315 3048 469 3114; x_wconf 78' lang='lat' dir='ltr'><strong>sichomo</strong></span> <span class='ocrx_word' id='word_1_256' title='bbox 484 3047 625 3111; x_wconf 85' lang='lat' dir='ltr'><strong>deveniat</strong></span> <span class='ocrx_word' id='word_1_257' title='bbox 641 3045 673 3109; x_wconf 91' lang='lat' dir='ltr'><strong>in</strong></span> <span class='ocrx_word' id='word_1_258' title='bbox 688 3045 936 3130; x_wconf 88' lang='lat' dir='ltr'><strong>incorruptelam,</strong></span> <span class='ocrx_word' id='word_1_259' title='bbox 949 3049 1158 3114; x_wconf 85' lang='lat' dir='ltr'><strong>circumdatus</strong></span> <span class='ocrx_word' id='word_1_260' title='bbox 1173 3057 1303 3135; x_wconf 87' lang='lat' dir='ltr'><strong>paterno</strong></span> <span class='ocrx_word' id='word_1_261' title='bbox 1317 3048 1440 3114; x_wconf 90' lang='lat' dir='ltr'><strong>lumine.</strong></span> 
     </span>
    </p>

    <p class='ocr_par' dir='ltr' id='par_1_19' title="bbox 382 3147 1468 3236">
     <span class='ocr_line' id='line_1_29' title="bbox 382 3147 1468 3236; baseline 0.002 -20"><span class='ocrx_word' id='word_1_262' title='bbox 382 3153 414 3216; x_wconf 89' lang='grc'><strong>3.</strong></span> <span class='ocrx_word' id='word_1_263' title='bbox 458 3149 503 3214; x_wconf 84' lang='lat' dir='ltr'><strong>Et</strong></span> <span class='ocrx_word' id='word_1_264' title='bbox 525 3147 669 3236; x_wconf 86' lang='lat' dir='ltr'><strong>quoniam</strong></span> <span class='ocrx_word' id='word_1_265' title='bbox 693 3147 843 3227; x_wconf 88' lang='lat' dir='ltr'><strong>Verbum,</strong></span> <span class='ocrx_word' id='word_1_266' title='bbox 866 3149 898 3214; x_wconf 90' lang='lat' dir='ltr'><strong>id</strong></span> <span class='ocrx_word' id='word_1_267' title='bbox 927 3158 977 3215; x_wconf 83' lang='lat' dir='ltr'><strong>eet</strong></span> <span class='ocrx_word' id='word_1_268' title='bbox 1000 3149 1109 3230; x_wconf 78' lang='lat' dir='ltr'><strong>Filius,</strong></span> <span class='ocrx_word' id='word_1_269' title='bbox 1135 3171 1257 3236; x_wconf 81' lang='lat' dir='ltr'><strong>semper</strong></span> <span class='ocrx_word' id='word_1_270' title='bbox 1278 3173 1349 3217; x_wconf 91' lang='lat' dir='ltr'><strong>cum</strong></span> <span class='ocrx_word' id='word_1_271' title='bbox 1372 3153 1468 3218; x_wconf 88' lang='lat' dir='ltr'><strong>Patre</strong></span> 
     </span>
    </p>

    <p class='ocr_par' dir='ltr' id='par_1_20' title="bbox 315 3249 1466 3342">
     <span class='ocr_line' id='line_1_30' title="bbox 315 3249 1466 3342; baseline 0.002 -24"><span class='ocrx_word' id='word_1_272' title='bbox 315 3260 394 3332; x_wconf 88' lang='lat' dir='ltr'><strong>erat,</strong></span> <span class='ocrx_word' id='word_1_273' title='bbox 416 3249 592 3336; x_wconf 86' lang='lat' dir='ltr'><strong>permulta</strong></span> <span class='ocrx_word' id='word_1_274' title='bbox 615 3249 902 3318; x_wconf 83' lang='lat' dir='ltr'><strong>demonstravimus.</strong></span> <span class='ocrx_word' id='word_1_275' title='bbox 941 3251 1094 3334; x_wconf 78' lang='lat' dir='ltr'><strong>Quoniam</strong></span> <span class='ocrx_word' id='word_1_276' title='bbox 1115 3263 1220 3320; x_wconf 90' lang='lat' dir='ltr'><strong>autem</strong></span> <span class='ocrx_word' id='word_1_277' title='bbox 1242 3263 1274 3320; x_wconf 89' lang='lat' dir='ltr'><strong>et</strong></span> <span class='ocrx_word' id='word_1_278' title='bbox 1297 3255 1466 3342; x_wconf 84' lang='lat' dir='ltr'><strong>Sapientia,</strong></span> 
     </span>
    </p>

    <p class='ocr_par' dir='ltr' id='par_1_21' title="bbox 316 3353 1466 3443">
     <span class='ocr_line' id='line_1_31' title="bbox 316 3353 1466 3443; baseline 0.002 -23"><span class='ocrx_word' id='word_1_279' title='bbox 316 3378 385 3443; x_wconf 76' lang='lat' dir='ltr'><strong>quae</strong></span> <span class='ocrx_word' id='word_1_280' title='bbox 408 3362 457 3419; x_wconf 85' lang='lat' dir='ltr'><strong>eet</strong></span> <span class='ocrx_word' id='word_1_281' title='bbox 480 3353 624 3438; x_wconf 83' lang='lat' dir='ltr'><strong>Spiritus,</strong></span> <span class='ocrx_word' id='word_1_282' title='bbox 647 3361 715 3418; x_wconf 87' lang='lat' dir='ltr'><strong>erat</strong></span> <span class='ocrx_word' id='word_1_283' title='bbox 736 3355 819 3441; x_wconf 88' lang='lat' dir='ltr'><strong>apud</strong></span> <span class='ocrx_word' id='word_1_284' title='bbox 840 3377 911 3420; x_wconf 92' lang='lat' dir='ltr'><strong>eum</strong></span> <span class='ocrx_word' id='word_1_285' title='bbox 941 3365 1016 3422; x_wconf 88' lang='lat' dir='ltr'><strong>ante</strong></span> <span class='ocrx_word' id='word_1_286' title='bbox 1047 3379 1170 3424; x_wconf 90' lang='lat' dir='ltr'><strong>omnem</strong></span> <span class='ocrx_word' id='word_1_287' title='bbox 1203 3358 1466 3435; x_wconf 80' lang='lat' dir='ltr'><strong>constitutionem,</strong></span> 
     </span>
    </p>

    <p class='ocr_par' dir='ltr' id='par_1_22' title="bbox 152 3455 1470 3560">
     <span class='ocr_line' id='line_1_32' title="bbox 152 3455 1470 3560; baseline 0.011 -46"><span class='ocrx_word' id='word_1_288' title='bbox 152 3475 214 3560; x_wconf 48' lang='lat' dir='ltr'><strong>,¹21st</strong></span> <span class='ocrx_word' id='word_1_289' title='bbox 225 3475 252 3514; x_wconf 88' lang='grc' dir='ltr'><strong>ιιι</strong></span> <span class='ocrx_word' id='word_1_290' title='bbox 263 3475 292 3522; x_wconf 83' lang='lat' dir='ltr'><strong>n,</strong></span> <span class='ocrx_word' id='word_1_291' title='bbox 315 3481 370 3546; x_wconf 88' lang='lat' dir='ltr'><strong>per</strong></span> <span class='ocrx_word' id='word_1_292' title='bbox 399 3457 596 3522; x_wconf 90' lang='lat' dir='ltr'><strong>Salomonem</strong></span> <span class='ocrx_word' id='word_1_293' title='bbox 616 3455 680 3520; x_wconf 86' lang='lat' dir='ltr'><strong>ait:</strong></span> <span class='ocrx_word' id='word_1_294' title='bbox 715 3457 799 3522; x_wconf 80' lang='lat' dir='ltr'><strong>Deae</strong></span> <span class='ocrx_word' id='word_1_295' title='bbox 826 3459 980 3545; x_wconf 76' lang='lat' dir='ltr'><strong>capientia</strong></span> <span class='ocrx_word' id='word_1_296' title='bbox 996 3461 1152 3544; x_wconf 78' lang='lat' dir='ltr'><strong>fundavit</strong></span> <span class='ocrx_word' id='word_1_297' title='bbox 1173 3470 1298 3540; x_wconf 83' lang='lat' dir='ltr'><strong>terrem,</strong></span> <span class='ocrx_word' id='word_1_298' title='bbox 1321 3463 1470 3548; x_wconf 79' lang='lat' dir='ltr'><strong>⁶porooit</strong></span> 
     </span>
    </p>

    <p class='ocr_par' dir='ltr' id='par_1_23' title="bbox 315 3559 1469 3651">
     <span class='ocr_line' id='line_1_33' title="bbox 315 3559 1469 3651; baseline 0.001 -22"><span class='ocrx_word' id='word_1_299' title='bbox 315 3573 416 3629; x_wconf 84' lang='lat' dir='ltr'><strong>autem</strong></span> <span class='ocrx_word' id='word_1_300' title='bbox 430 3559 536 3626; x_wconf 72' lang='lat' dir='ltr'><strong>oculum</strong></span> <span class='ocrx_word' id='word_1_301' title='bbox 543 3560 727 3648; x_wconf 68' lang='lat' dir='ltr'><strong>prudentio.</strong></span> <span class='ocrx_word' id='word_1_302' title='bbox 770 3561 867 3625; x_wconf 75' lang='lat' dir='ltr'><strong>Sanco</strong></span> <span class='ocrx_word' id='word_1_303' title='bbox 880 3561 943 3646; x_wconf 75' lang='lat' dir='ltr'><strong>cjua</strong></span> <span class='ocrx_word' id='word_1_304' title='bbox 956 3561 1057 3646; x_wconf 69' lang='lat' dir='ltr'><strong>ulyssi</strong></span> <span class='ocrx_word' id='word_1_305' title='bbox 1076 3575 1249 3651; x_wconf 76' lang='lat' dir='ltr'><strong>eruperunt,</strong></span> <span class='ocrx_word' id='word_1_306' title='bbox 1264 3565 1354 3630; x_wconf 75' lang='lat' dir='ltr'><strong>audeo</strong></span> <span class='ocrx_word' id='word_1_307' title='bbox 1367 3575 1469 3629; x_wconf 73' lang='lat' dir='ltr'><strong>acuam</strong></span> 
     </span>
    </p>
   </div>
   <div class='ocr_carea' id='block_1_7' title="bbox 151 3661 1467 3764">
    <p class='ocr_par' dir='ltr' id='par_1_24' title="bbox 151 3661 1467 3764">
     <span class='ocr_line' id='line_1_34' title="bbox 151 3661 1467 3764; baseline 0.002 -34"><span class='ocrx_word' id='word_1_308' title='bbox 151 3677 265 3764; x_wconf 55' lang='lat' dir='ltr'><strong>Qut·</strong></span> <span class='ocrx_word' id='word_1_309' title='bbox 315 3675 518 3732; x_wconf 71' lang='lat' dir='ltr'><strong>nudauerant</strong></span> <span class='ocrx_word' id='word_1_310' title='bbox 540 3686 597 3728; x_wconf 81' lang='lat' dir='ltr'><strong>roe.</strong></span> <span class='ocrx_word' id='word_1_311' title='bbox 643 3661 687 3728; x_wconf 89' lang='lat' dir='ltr'><strong>Et</strong></span> <span class='ocrx_word' id='word_1_312' title='bbox 713 3684 818 3728; x_wconf 81' lang='lat' dir='ltr'><strong>rursus</strong></span> <span class='ocrx_word' id='word_1_313' title='bbox 840 3671 963 3728; x_wconf 84' lang='lat' dir='ltr'><strong>autem:</strong></span> <span class='ocrx_word' id='word_1_314' title='bbox 989 3666 1139 3730; x_wconf 78' lang='lat' dir='ltr'><strong>Dmaioua</strong></span> <span class='ocrx_word' id='word_1_315' title='bbox 1161 3667 1294 3733; x_wconf 71' lang='grc' dir='ltr'><strong>7ανααιιὶι</strong></span> <span class='ocrx_word' id='word_1_316' title='bbox 1314 3691 1361 3733; x_wconf 82' lang='lat' dir='ltr'><strong>me</strong></span> <span class='ocrx_word' id='word_1_317' title='bbox 1373 3669 1467 3755; x_wconf 81' lang='lat' dir='ltr'><strong>prin-</strong></span> 
     </span>
    </p>
   </div>
   <div class='ocr_carea' id='block_1_8' title="bbox 315 3812 1470 4529">
    <p class='ocr_par' dir='ltr' id='par_1_25' title="bbox 315 3812 1470 4529">
     <span class='ocr_line' id='line_1_35' title="bbox 363 3812 1468 3880; baseline 0 -15"><span class='ocrx_word' id='word_1_318' title='bbox 363 3815 373 3848; x_wconf 81' lang='lat'>¹</span> <span class='ocrx_word' id='word_1_319' title='bbox 388 3816 439 3865; x_wconf 72' lang='lat' dir='ltr'><strong>Aa.</strong></span> <span class='ocrx_word' id='word_1_320' title='bbox 451 3815 496 3863; x_wconf 83' lang='lat' dir='ltr'><strong>baa</strong></span> <span class='ocrx_word' id='word_1_321' title='bbox 507 3813 577 3862; x_wconf 76' lang='lat' dir='ltr'><strong>thece</strong></span> <span class='ocrx_word' id='word_1_322' title='bbox 585 3813 657 3862; x_wconf 79' lang='lat' dir='ltr'><strong>verba</strong></span> <span class='ocrx_word' id='word_1_323' title='bbox 668 3813 693 3860; x_wconf 89' lang='lat' dir='ltr'><strong>in</strong></span> <span class='ocrx_word' id='word_1_324' title='bbox 703 3812 745 3861; x_wconf 88' lang='lat' dir='ltr'><strong>the</strong></span> <span class='ocrx_word' id='word_1_325' title='bbox 756 3815 864 3876; x_wconf 86' lang='lat' dir='ltr'><strong>preeeut.</strong></span> <span class='ocrx_word' id='word_1_326' title='bbox 915 3812 1065 3876; x_wconf 77' lang='lat' dir='ltr'><strong>disputante,</strong></span> <span class='ocrx_word' id='word_1_327' title='bbox 1078 3815 1202 3879; x_wconf 75' lang='lat' dir='ltr'><strong>generally</strong></span> <span class='ocrx_word' id='word_1_328' title='bbox 1213 3815 1342 3880; x_wconf 72' lang='lat' dir='ltr'><strong>speaking,</strong></span> <span class='ocrx_word' id='word_1_329' title='bbox 1356 3816 1429 3865; x_wconf 76' lang='lat' dir='ltr'><strong>failed</strong></span> <span class='ocrx_word' id='word_1_330' title='bbox 1441 3822 1468 3865; x_wconf 86' lang='lat' dir='ltr'><strong>ho</strong></span> 
     </span>
     <span class='ocr_line' id='line_1_36' title="bbox 363 3893 1468 3960; baseline 0.003 -16"><span class='ocrx_word' id='word_1_331' title='bbox 363 3895 442 3944; x_wconf 60' lang='lat' dir='ltr'><strong>’Aac</strong></span> <span class='ocrx_word' id='word_1_332' title='bbox 454 3895 537 3944; x_wconf 69' lang='lat' dir='ltr'><strong>subter.</strong></span> <span class='ocrx_word' id='word_1_333' title='bbox 560 3893 862 3953; x_wconf 51' lang='lat' dir='ltr'><strong>cuxanensarram.</strong></span> <span class='ocrx_word' id='word_1_334' title='bbox 916 3907 987 3940; x_wconf 86' lang='lat' dir='ltr'><strong>recur</strong></span> <span class='ocrx_word' id='word_1_335' title='bbox 1003 3897 1030 3941; x_wconf 86' lang='lat' dir='ltr'><strong>to</strong></span> <span class='ocrx_word' id='word_1_336' title='bbox 1045 3893 1088 3942; x_wconf 88' lang='lat' dir='ltr'><strong>the</strong></span> <span class='ocrx_word' id='word_1_337' title='bbox 1105 3893 1220 3955; x_wconf 69' lang='lat' dir='ltr'><strong>Hebron,</strong></span> <span class='ocrx_word' id='word_1_338' title='bbox 1240 3895 1369 3960; x_wconf 81' lang='lat' dir='ltr'><strong>although,</strong></span> <span class='ocrx_word' id='word_1_339' title='bbox 1389 3903 1417 3946; x_wconf 86' lang='lat' dir='ltr'><strong>at</strong></span> <span class='ocrx_word' id='word_1_340' title='bbox 1436 3915 1468 3946; x_wconf 89' lang='lat' dir='ltr'><strong>an</strong></span> 
     </span>
     <span class='ocr_line' id='line_1_37' title="bbox 363 3972 1469 4042; baseline 0.003 -18"><span class='ocrx_word' id='word_1_341' title='bbox 363 3975 375 4010; x_wconf 79' lang='lat'>⁸</span> <span class='ocrx_word' id='word_1_342' title='bbox 388 3979 439 4026; x_wconf 82' lang='lat' dir='ltr'><strong>Aa.</strong></span> <span class='ocrx_word' id='word_1_343' title='bbox 453 3983 481 4025; x_wconf 82' lang='lat' dir='ltr'><strong>et.</strong></span> <span class='ocrx_word' id='word_1_344' title='bbox 917 3972 984 4036; x_wconf 78' lang='lat' dir='ltr'><strong>early</strong></span> <span class='ocrx_word' id='word_1_345' title='bbox 991 3975 1469 4042; x_wconf 77' lang='lat' dir='ltr'><strong>periodofthecontroveray‚Eusuarus</strong></span> 
     </span>
     <span class='ocr_line' id='line_1_38' title="bbox 363 4054 1465 4124; baseline 0 -15"><span class='ocrx_word' id='word_1_346' title='bbox 363 4057 374 4090; x_wconf 81' lang='lat'><strong>⁴</strong></span> <span class='ocrx_word' id='word_1_347' title='bbox 391 4073 494 4118; x_wconf 64' lang='lat' dir='ltr'><strong>mmuh,</strong></span> <span class='ocrx_word' id='word_1_348' title='bbox 505 4059 557 4107; x_wconf 73' lang='grc' dir='ltr'><strong>ΑΒ.</strong></span> <span class='ocrx_word' id='word_1_349' title='bbox 575 4056 635 4105; x_wconf 80' lang='lat' dir='ltr'><strong>Thin</strong></span> <span class='ocrx_word' id='word_1_350' title='bbox 643 4071 721 4105; x_wconf 74' lang='lat' dir='ltr'><strong>neema</strong></span> <span class='ocrx_word' id='word_1_351' title='bbox 729 4055 865 4121; x_wconf 74' lang='lat' dir='ltr'><strong>preferable</strong></span> <span class='ocrx_word' id='word_1_352' title='bbox 917 4054 1041 4104; x_wconf 84' lang='lat' dir='ltr'><strong>indicated</strong></span> <span class='ocrx_word' id='word_1_353' title='bbox 1055 4057 1099 4105; x_wconf 83' lang='lat' dir='ltr'><strong>the</strong></span> <span class='ocrx_word' id='word_1_354' title='bbox 1115 4057 1261 4124; x_wconf 77' lang='lat' dir='ltr'><strong>inaccuracy</strong></span> <span class='ocrx_word' id='word_1_355' title='bbox 1276 4059 1305 4108; x_wconf 81' lang='lat' dir='ltr'><strong>oi</strong></span> <span class='ocrx_word' id='word_1_356' title='bbox 1318 4060 1362 4108; x_wconf 88' lang='lat' dir='ltr'><strong>the</strong></span> <span class='ocrx_word' id='word_1_357' title='bbox 1379 4059 1465 4109; x_wconf 83' lang='lat' dir='ltr'>LXX.</span> 
     </span>
     <span class='ocr_line' id='line_1_39' title="bbox 315 4136 1465 4205; baseline -0.002 -14"><span class='ocrx_word' id='word_1_358' title='bbox 315 4148 342 4191; x_wconf 83' lang='lat' dir='ltr'><strong>to</strong></span> <span class='ocrx_word' id='word_1_359' title='bbox 360 4155 432 4190; x_wconf 73' lang='lat' dir='ltr'><strong>com</strong></span> <span class='ocrx_word' id='word_1_360' title='bbox 450 4154 477 4187; x_wconf 87' lang='lat' dir='ltr'><strong>aa</strong></span> <span class='ocrx_word' id='word_1_361' title='bbox 494 4137 572 4188; x_wconf 79' lang='lat' dir='ltr'><strong>found</strong></span> <span class='ocrx_word' id='word_1_362' title='bbox 590 4137 616 4186; x_wconf 93' lang='lat' dir='ltr'><strong>in</strong></span> <span class='ocrx_word' id='word_1_363' title='bbox 634 4139 676 4187; x_wconf 89' lang='lat' dir='ltr'><strong>the</strong></span> <span class='ocrx_word' id='word_1_364' title='bbox 690 4137 789 4187; x_wconf 75' lang='lat' dir='ltr'><strong>Curru.</strong></span> <span class='ocrx_word' id='word_1_365' title='bbox 805 4136 863 4187; x_wconf 87' lang='lat' dir='ltr'><strong>MS.</strong></span> <span class='ocrx_word' id='word_1_366' title='bbox 917 4137 1073 4188; x_wconf 72' lang='lat' dir='ltr'><strong>hanelation.</strong></span> <span class='ocrx_word' id='word_1_367' title='bbox 1099 4139 1214 4205; x_wconf 82' lang='lat' dir='ltr'><strong>Heaaya,</strong></span> <span class='ocrx_word' id='word_1_368' title='bbox 1228 4140 1465 4190; x_wconf 52' lang='lat' dir='ltr'><strong>animalcula.</strong></span> 
     </span>
     <span class='ocr_line' id='line_1_40' title="bbox 317 4219 1470 4285; baseline 0 -13"><span class='ocrx_word' id='word_1_369' title='bbox 317 4224 357 4272; x_wconf 76' lang='lat' dir='ltr'><strong>nol</strong></span> <span class='ocrx_word' id='word_1_370' title='bbox 373 4221 411 4270; x_wconf 72' lang='lat' dir='ltr'><strong>aa</strong></span> <span class='ocrx_word' id='word_1_371' title='bbox 428 4221 468 4268; x_wconf 71' lang='grc' dir='ltr'><strong>ἐπὶ</strong></span> <span class='ocrx_word' id='word_1_372' title='bbox 484 4221 529 4279; x_wconf 72' lang='grc' dir='ltr'><strong>τὴν</strong></span> <span class='ocrx_word' id='word_1_373' title='bbox 545 4219 623 4280; x_wconf 71' lang='lat' dir='ltr'><strong>adpre</strong></span> <span class='ocrx_word' id='word_1_374' title='bbox 637 4219 680 4267; x_wconf 82' lang='grc' dir='ltr'><strong>τοῦ</strong></span> <span class='ocrx_word' id='word_1_375' title='bbox 697 4219 787 4280; x_wconf 77' lang='grc' dir='ltr'><strong>Κυρίου</strong></span> <span class='ocrx_word' id='word_1_376' title='bbox 801 4219 866 4278; x_wconf 77' lang='grc' dir='ltr'><strong><em>ἡμῶν</em></strong></span> <span class='ocrx_word' id='word_1_377' title='bbox 917 4229 960 4268; x_wconf 87' lang='lat'>111.</span> <span class='ocrx_word' id='word_1_378' title='bbox 981 4233 1007 4268; x_wconf 85' lang='lat' dir='ltr'><strong>a:</strong></span> <span class='ocrx_word' id='word_1_379' title='bbox 1032 4221 1063 4268; x_wconf 81' lang='lat' dir='ltr'><strong>lli</strong></span> <span class='ocrx_word' id='word_1_380' title='bbox 1083 4221 1142 4281; x_wconf 72' lang='grc' dir='ltr'><strong>γοῦν</strong></span> <span class='ocrx_word' id='word_1_381' title='bbox 1160 4239 1196 4271; x_wconf 75' lang='grc' dir='ltr'>τις</span> <span class='ocrx_word' id='word_1_382' title='bbox 1219 4223 1406 4285; x_wconf 75' lang='grc' dir='ltr'>ἐξακριβώσαιτο</span> <span class='ocrx_word' id='word_1_383' title='bbox 1427 4219 1470 4272; x_wconf 70' lang='grc' dir='ltr'><strong>τὸν</strong></span> 
     </span>
     <span class='ocr_line' id='line_1_41' title="bbox 317 4301 1469 4367; baseline 0.001 -15"><span class='ocrx_word' id='word_1_384' title='bbox 317 4305 415 4352; x_wconf 72' lang='grc' dir='ltr'>ἅπαντα</span> <span class='ocrx_word' id='word_1_385' title='bbox 425 4302 455 4350; x_wconf 78' lang='grc' dir='ltr'><strong>τὸ</strong></span> <span class='ocrx_word' id='word_1_386' title='bbox 465 4302 516 4361; x_wconf 76' lang='grc' dir='ltr'><strong>φῶς</strong></span> <span class='ocrx_word' id='word_1_387' title='bbox 526 4301 554 4347; x_wconf 80' lang='grc' dir='ltr'><strong>τὸ</strong></span> <span class='ocrx_word' id='word_1_388' title='bbox 566 4301 688 4360; x_wconf 72' lang='grc' dir='ltr'>πατρικὸν.</span> <span class='ocrx_word' id='word_1_389' title='bbox 919 4301 998 4361; x_wconf 76' lang='grc' dir='ltr'>ἀληθῆ</span> <span class='ocrx_word' id='word_1_390' title='bbox 1009 4303 1062 4350; x_wconf 74' lang='grc' dir='ltr'><strong>νοῦν</strong></span> <span class='ocrx_word' id='word_1_391' title='bbox 1068 4303 1111 4361; x_wconf 80' lang='grc' dir='ltr'><strong>τῆς</strong></span> <span class='ocrx_word' id='word_1_392' title='bbox 1122 4303 1280 4352; x_wconf 75' lang='grc' dir='ltr'>θεοπνεύαταυ</span> <span class='ocrx_word' id='word_1_393' title='bbox 1291 4306 1394 4366; x_wconf 71' lang='grc' dir='ltr'>γραφῆς,</span> <span class='ocrx_word' id='word_1_394' title='bbox 1406 4303 1469 4367; x_wconf 71' lang='lat' dir='ltr'><strong>eripui</strong></span> 
     </span>
     <span class='ocr_line' id='line_1_42' title="bbox 365 4377 1468 4448; baseline 0.003 -17"><span class='ocrx_word' id='word_1_395' title='bbox 365 4377 780 4446; x_wconf 69' lang='lat' dir='ltr'><strong>&#39;Aa.loaea?m&#39;inthepraoeding</strong></span> <span class='ocrx_word' id='word_1_396' title='bbox 788 4381 864 4432; x_wconf 86' lang='lat' dir='ltr'><strong>word.</strong></span> <span class='ocrx_word' id='word_1_397' title='bbox 919 4383 948 4430; x_wconf 77' lang='lat' dir='ltr'><strong>dr</strong></span> <span class='ocrx_word' id='word_1_398' title='bbox 967 4385 1011 4442; x_wconf 76' lang='grc' dir='ltr'><strong>τὴν</strong></span> <span class='ocrx_word' id='word_1_399' title='bbox 1029 4385 1161 4445; x_wconf 79' lang='grc' dir='ltr'>Ἐβραϊκὴν</span> <span class='ocrx_word' id='word_1_400' title='bbox 1183 4385 1324 4445; x_wconf 63' lang='grc' dir='ltr'>διάγνωσιν,</span> <span class='ocrx_word' id='word_1_401' title='bbox 1348 4387 1375 4433; x_wconf 80' lang='grc' dir='ltr'>αὖ</span> <span class='ocrx_word' id='word_1_402' title='bbox 1393 4389 1468 4448; x_wconf 80' lang='grc' dir='ltr'>περιέ-</span> 
     </span>
     <span class='ocr_line' id='line_1_43' title="bbox 366 4461 1470 4529; baseline 0.004 -17"><span class='ocrx_word' id='word_1_403' title='bbox 366 4464 445 4512; x_wconf 64' lang='lat' dir='ltr'><strong>‘Aa</strong></span> <span class='ocrx_word' id='word_1_404' title='bbox 458 4461 691 4523; x_wconf 71' lang='lat' dir='ltr'><strong>dparoeitcoelum.</strong></span> <span class='ocrx_word' id='word_1_405' title='bbox 918 4481 1010 4525; x_wconf 74' lang='grc' dir='ltr'>χουσαν</span> <span class='ocrx_word' id='word_1_406' title='bbox 1032 4466 1067 4525; x_wconf 83' lang='grc' dir='ltr'><strong>τὸ,</strong></span> <span class='ocrx_word' id='word_1_407' title='bbox 1090 4467 1171 4514; x_wconf 82' lang='grc' dir='ltr'>ἔκτισέ</span> <span class='ocrx_word' id='word_1_408' title='bbox 1187 4483 1224 4526; x_wconf 80' lang='grc' dir='ltr'><strong>με,</strong></span> <span class='ocrx_word' id='word_1_409' title='bbox 1246 4467 1327 4529; x_wconf 77' lang='grc' dir='ltr'>διόπερ</span> <span class='ocrx_word' id='word_1_410' title='bbox 1347 4469 1401 4516; x_wconf 71' lang='grc' dir='ltr'><strong>οὐδὲ</strong></span> <span class='ocrx_word' id='word_1_411' title='bbox 1422 4471 1470 4515; x_wconf 76' lang='grc' dir='ltr'><strong>τῶν</strong></span> 
     </span>
    </p>
   </div>
   <div class='ocr_carea' id='block_1_9' title="bbox 318 4541 1470 4692">
    <p class='ocr_par' dir='ltr' id='par_1_26' title="bbox 318 4541 1470 4692">
     <span class='ocr_line' id='line_1_44' title="bbox 366 4541 1470 4610; baseline 0.009 -21"><span class='ocrx_word' id='word_1_412' title='bbox 366 4541 825 4602; x_wconf 75' lang='lat' dir='ltr'><strong>⁷Thietextgavegreatconildenco</strong></span> <span class='ocrx_word' id='word_1_413' title='bbox 839 4547 866 4592; x_wconf 85' lang='lat' dir='ltr'><strong>to</strong></span> <span class='ocrx_word' id='word_1_414' title='bbox 918 4547 1009 4594; x_wconf 76' lang='grc' dir='ltr'>λοιπῶν</span> <span class='ocrx_word' id='word_1_415' title='bbox 1029 4547 1175 4608; x_wconf 68' lang='grc' dir='ltr'>ἐραηνειπῶν</span> <span class='ocrx_word' id='word_1_416' title='bbox 1198 4549 1277 4609; x_wconf 69' lang='grc' dir='ltr'>ταύτῃ</span> <span class='ocrx_word' id='word_1_417' title='bbox 1294 4565 1331 4598; x_wconf 74' lang='grc' dir='ltr'>τις</span> <span class='ocrx_word' id='word_1_418' title='bbox 1353 4549 1470 4610; x_wconf 57' lang='lat' dir='ltr'><strong>afflarat</strong></span> 
     </span>
     <span class='ocr_line' id='line_1_45' title="bbox 318 4620 1466 4692; baseline 0.006 -20"><span class='ocrx_word' id='word_1_419' title='bbox 318 4625 361 4672; x_wconf 84' lang='lat' dir='ltr'><strong>the</strong></span> <span class='ocrx_word' id='word_1_420' title='bbox 376 4622 456 4670; x_wconf 77' lang='lat' dir='ltr'><strong>Arion</strong></span> <span class='ocrx_word' id='word_1_421' title='bbox 473 4625 546 4684; x_wconf 78' lang='lat' dir='ltr'><strong>party</strong></span> <span class='ocrx_word' id='word_1_422' title='bbox 556 4620 583 4666; x_wconf 90' lang='lat' dir='ltr'><strong>in</strong></span> <span class='ocrx_word' id='word_1_423' title='bbox 595 4621 638 4666; x_wconf 85' lang='lat' dir='ltr'><strong>the</strong></span> <span class='ocrx_word' id='word_1_424' title='bbox 654 4620 739 4668; x_wconf 80' lang='lat' dir='ltr'><strong>fourth</strong></span> <span class='ocrx_word' id='word_1_425' title='bbox 750 4629 867 4686; x_wconf 62' lang='lat' dir='ltr'><strong>centum</strong></span> <span class='ocrx_word' id='word_1_426' title='bbox 919 4627 951 4686; x_wconf 72' lang='grc' dir='ltr'><strong>τῇ</strong></span> <span class='ocrx_word' id='word_1_427' title='bbox 972 4627 1043 4684; x_wconf 69' lang='grc' dir='ltr'>λέξει·</span> <span class='ocrx_word' id='word_1_428' title='bbox 1062 4628 1147 4674; x_wconf 67' lang='grc' dir='ltr'>αὐτίκα</span> <span class='ocrx_word' id='word_1_429' title='bbox 1170 4627 1190 4676; x_wconf 75' lang='grc' dir='ltr'><strong>δ’</strong></span> <span class='ocrx_word' id='word_1_430' title='bbox 1211 4630 1250 4676; x_wconf 69' lang='lat' dir='ltr'><strong>oio</strong></span> <span class='ocrx_word' id='word_1_431' title='bbox 1267 4629 1280 4677; x_wconf 79' lang='grc' dir='ltr'><strong><em>ὁ</em></strong></span> <span class='ocrx_word' id='word_1_432' title='bbox 1298 4631 1342 4687; x_wconf 78' lang='grc' dir='ltr'><strong>μὲν</strong></span> <span class='ocrx_word' id='word_1_433' title='bbox 1354 4629 1466 4692; x_wconf 61' lang='lat' dir='ltr'><strong>&#39;dathan</strong></span> 
     </span>
    </p>
   </div>
   <div class='ocr_carea' id='block_1_10' title="bbox 0 0 1644 5080">
    <p class='ocr_par' dir='ltr' id='par_1_27' title="bbox 0 0 1644 5080">
     <span class='ocr_line' id='line_1_46' title="bbox 0 0 1644 5080; baseline 0 0"><span class='ocrx_word' id='word_1_434' title='bbox 0 0 1644 5080; x_wconf 95' lang='lat' dir='ltr'><strong> </strong></span> 
     </span>
    </p>
   </div>
  </div>
 </body>
</html>
