3260 5082
343 380 411 454 472
812 397 841 452 s.
869 395 1020 451 mmm

342 557 488 628 ἑνοῦνται
511 555 623 656 αὐτῇ),
654 554 744 628 ίόστε
766 585 809 638 με
827 551 984 626 δύνασθαι
1002 555 1104 626 εἰπεῖν
1120 553 1174 624 καί
1193 551 1255 626 τὸν
1273 553 1399 635 τόπον,
1429 553 1467 622 ἐν
1486 552 1516 640 ᾤ

342 667 558 770 καθεζόμενος
593 667 765 760 διελέγετο
805 669 824 738 ὁ
867 664 1027 766 μακόριος
1066 665 1302 765 Πολῦκαρπος,
1344 663 1406 734 καὶ
1446 661 1512 740 τὰς

341 774 526 880 6τροόδονς
550 782 651 854 αῦποῦ
678 781 731 852 καί
760 777 823 857 τδς
852 778 1007 864 εἰσόδους,
1035 779 1090 850 καί
1115 777 1176 850 τόν
1202 785 1407 878 χαρακτῆρα
1445 782 1513 848 τοῦ

341 894 428 982 βίον,
465 895 518 966 καί
552 895 613 977 την
648 898 713 966 τοῦ
748 894 904 976 σώματος
943 891 1040 976 ι’δέαν,
1078 891 1132 962 καί
1165 889 1228 968 τὰς
1264 889 1435 985 διαλέξεις
1472 888 1511 964 ἃς
1599 943 1600 972 ,

341 1008 489 1080 ἐποιεῖτο
520 1005 605 1106 πρὸς
638 1005 682 1078 τό
714 1009 850 1090 πλῆθος,
881 1004 935 1076 καί
961 1005 1021 1088 τὴν
1049 1003 1136 1088 μετὰ
1160 1002 1311 1075 Ἰωιίννου
1335 1004 1509 1073 7συνανα·
1599 1093 1600 1098 ¹

342 1119 501 1220 στροφὴν
540 1123 580 1196 ὡς
613 1117 823 1210 ἇπῆγγελλε,
853 1118 907 1188 καὶ
936 1117 998 1200 τὴν
1026 1115 1113 1201 μετὰ
1145 1121 1212 1190 τῶν
1256 1119 1385 1188 λοιπῶν
1436 1119 1510 1186 τῶν
1599 1113 1600 1116 '

342 1232 532 1331 ἑωρακότων
567 1229 629 1304 τὸν
665 1231 799 1329 Κύριον,
826 1229 879 1302 καί
910 1233 950 1306 ὡς
981 1231 1223 1314 ἀπεμνημόνευε
1258 1227 1335 1308 τοῦς
1369 1227 1508 1320 λόγους

342 1347 457 1418 αὐτῶν·
487 1344 540 1415 καί
564 1343 642 1444 περί
666 1349 730 1416 τοῦ
753 1343 879 1442 Κύριον
904 1343 981 1415 τίνα
1004 1343 1041 1427 ἢν
1067 1341 1088 1414 ἃ
1112 1343 1191 1442 παρ’
1213 1340 1336 1412 ἐκείνων
1353 1341 1505 1422 ἀκηκόει,

340 1458 395 1530 καί
430 1458 507 1556 περὶ
544 1461 610 1529 τιῦν
646 1451 805 1539 δυνόμεων
836 1455 946 1540 αὐτοῦ,
971 1455 1026 1526 καί
1062 1455 1139 1554 περὶ
1173 1462 1232 1538 τῦς
1267 1451 1504 1536 διδασκαλίας,

341 1574 382 1648 ὡς
410 1567 503 1668 παρὰ
535 1573 600 1644 τῶν
629 1568 807 1640 αῦτοτπῦν
833 1575 893 1650 τῆς
926 1565 1005 1668 ζωῆς
1036 1573 1099 1640 τοῦ
1132 1567 1243 1660 λόγου
1276 1565 1504 1666 παρειληφὼς

342 1681 617 1780 ῦΠολόκαρπος,
646 1678 868 1771 Ὶᾶπῆγγελλε
889 1676 1002 1751 πόντα
1034 1679 1198 1779 σύμφωνα
1223 1689 1297 1756 ταῖς
1330 1684 1502 1778 γραφαῖς.

342 1793 463 1866 Ταῦτα
480 1793 534 1864 καί
557 1792 642 1865 τότε
659 1789 711 1862 διὰ
736 1789 780 1862 τό
803 1792 896 1868 ἔλεος
920 1799 983 1864 τοῦ
1001 1792 1089 1864 θεοῦ
1110 1790 1154 1864 τό
1177 1792 1228 1861 ἔπ’
1254 1791 1328 1876 ἐμοὶ
1352 1788 1503 1882 γεγονός

342 1904 524 1983 σπουδαίως
559 1905 681 1990 ἤκουον,
711 1902 1059 2005 ῦπομνημαπιζόμενος
1090 1902 1184 1988 αι’σδ,
1217 1903 1273 1974 οῦκ
1304 1904 1337 1972 ε’ν
1371 1899 1500 2000 χόρτη,

342 2019 419 2089 ἄλλ’
451 2020 483 2090 ε’ν
510 2021 553 2112 τῇ
582 2019 642 2110 ε’μῇ
669 2015 797 2116 καρδίᾳ·
838 2017 892 2087 καὶ
922 2017 972 2086 dei
1002 2015 1055 2087 διὰ
1088 2017 1148 2100 την
1182 2011 1282 2115 χόριν
1310 2020 1375 2087 τοῦ
1405 2015 1501 2085 θεοῦ

342 2131 481 2224 γνησίως
508 2127 593 2203 aria-d
620 2129 882 2228 ιἰναμαρνκῦιμαι.
933 2129 1004 2200 Kat
1034 2127 1169 2212 δύναμαι
1202 2125 1498 2228 διαμαρτύρασθαι

341 2246 531 2344 ἔμπροσθεν
566 2248 629 2316 τοῦ
660 2242 757 2327 θεοῦ,
788 2242 843 2314 ότι
877 2241 940 2313 εἴτι
972 2246 1129 2314 τοιοῦτον
1163 2239 1290 2324 ἆκηκόει
1322 2241 1441 2316 ἐκεῖνος
1475 2240 1495 2309 ὁ

341 2355 500 2458 μακόριος
528 2356 581 2428 καί
616 2352 846 2431 ιἰποστολικδς
881 2354 1122 2454 πρεσβύτερος,
1151 2351 1337 2452 ἆνακρόξας
1367 2349 1408 2423 όν
1437 2350 1494 2422 καί

341 2463 532 2570 8ἐμφράξας
544 2465 589 2542 τὰ
607 2468 678 2542 aira
698 2467 808 2551 αῦτοῦ,
827 2465 881 2538 καί
898 2463 1004 2539 9καπδι
1016 2464 1060 2538 τό
1079 2467 1211 2550 σόνηθες
1228 2465 1335 2550 εἰπὼν,
1350 2465 1399 2535 Ὦ
1411 2461 1495 2535 καλὲ

339 2700 498 2782 discimus,
523 2701 616 2768 simul
640 2721 712 2768 eum
745 2699 851 2766 animo
874 2699 943 2785 ipso
968 2699 1157 2779 coalescunt,
1181 2701 1272 2787 eique
1295 2699 1422 2788 penitus
1446 2701 1493 2764 in·

339 2805 492 2888 baerent);
516 2803 595 2869 adeo
616 2811 653 2869 ut
675 2811 709 2870 et
731 2803 835 2869 locum
858 2803 960 2869 dicere
979 2804 1106 2891 possim,
1121 2804 1155 2868 in
1172 2825 1234 2890 quo
1251 2804 1364 2870 sedens
1381 2805 1494 2870 beatus
1599 2789 1600 2806 ¹

340 2905 532 2994 Polycarpus
545 2906 727 2984 disserebat,
743 2925 906 2991 proeessus
920 2927 1043 2994 quoque
1053 2909 1122 2994 ejus
1136 2915 1169 2971 et
1179 2905 1348 2993 ingramus,
1359 2905 1494 2992 vimque

339 3011 467 3075 modum
488 3017 521 3074 et
542 3009 681 3094 eorporis
701 3008 849 3093 speeiem,
864 3029 1023 3075 sermones
1044 3010 1179 3096 denique
1200 3031 1279 3097 quos
1297 3009 1339 3074 ad
1353 3008 1494 3073 multitu·

339 3111 445 3175 dinem
478 3109 631 3183 habebat;
673 3117 707 3174 et
743 3107 928 3174 familiarem
958 3109 1224 3189 eonsuetudinem‚
1248 3131 1319 3198 quae
1344 3110 1389 3174 ilii
1421 3129 1495 3174 eum

339 3211 498 3290 Johanne,
514 3231 552 3275 ae
577 3209 704 3295 reliquis
729 3209 782 3297 qui
806 3209 978 3276 Dominum
1000 3211 1150 3290 videraut,
1166 3211 1352 3290 interemit,
1365 3219 1402 3276 ut
1423 3233 1495 3276 nar-

339 3315 440 3394 rabat,
449 3323 483 3380 et
496 3312 629 3400 qualiter
637 3313 723 3379 dieta
733 3335 841 3380 eorum
850 3316 1134 3380 commemorabat:
1157 3337 1289 3402 quaeque
1303 3315 1343 3379 de
1355 3313 1495 3379 Domino

339 3439 381 3483 ex
399 3417 477 3502 ipsis
496 3415 667 3495 audiverat,
682 3415 722 3481 de
741 3415 897 3482 miraculis
918 3417 1001 3482 iliius
1017 3417 1114 3482 etiam
1134 3439 1172 3482 ae
1194 3418 1234 3483 de
1253 3415 1494 3504 doctrinisque
1599 3411 1600 3456 ³

338 3520 444 3599 abiis,
460 3519 514 3605 qui
530 3517 672 3583 Verbum
686 3518 759 3584 vitae
775 3517 835 3604 ipsi
855 3527 1091 3604 eonspexerant,
1105 3527 1270 3606 aeeeperat
1289 3519 1493 3606 Polyearpus,

339 3623 472 3711 qualiter
495 3622 659 3698 referebat,
674 3629 788 3686 emota
814 3621 983 3708 seripturis
1015 3644 1161 3690 eonsona
1216 3623 1297 3688 Haee
1318 3624 1388 3710 jam
1417 3631 1495 3688 tune
1599 3611 1600 3624 ¹

339 3725 489 3814 temporis
502 3747 558 3814 per
572 3723 635 3788 Dei
649 3723 856 3802 elementiam,
867 3747 937 3810 quae
948 3724 1025 3788 mibi
1036 3725 1159 3812 obtigit,
1169 3725 1307 3791 studiose
1316 3725 1493 3803 audiebam

339 3851 403 3896 non
416 3831 450 3895 in
463 3831 582 3906 charte
596 3825 653 3892 sed
667 3825 700 3890 in
714 3826 807 3892 corde
822 3849 892 3894 meo
906 3849 945 3892 ea
963 3827 1161 3915 eonsignaus,
1176 3836 1209 3895 et
1222 3850 1346 3915 semper
1359 3851 1416 3914 per
1431 3827 1493 3893 Dei

339 3933 475 4022 gratiam
488 3937 599 3997 exacte
619 3949 659 3993 ea
677 3937 784 3995 mente
804 3929 938 3995 revolvo.
981 3931 1090 4017 Atque
1108 3931 1141 3994 in
1157 3940 1327 4016 eouepeetu
1342 3931 1405 3996 Dei
1419 3952 1494 3996 eou-

340 4035 449 4101 testari
464 4053 601 4120 possum,
615 4031 744 4096 beatum
766 4029 853 4094 illum
866 4039 900 4096 et
913 4031 1119 4118 apostolieum
1139 4031 1371 4118 Presbyterum,
1386 4031 1415 4097 si
1430 4031 1493 4097 tale

341 4139 416 4227 quid
428 4135 608 4213 audivisset,
622 4131 868 4199 exclametumm
882 4154 968 4214 mue,
983 4154 1021 4199 ae
1035 4133 1189 4203 obturatis
1202 4135 1331 4200 auribus
1344 4135 1421 4215 suis,
1436 4157 1493 4223 pm

389 4365 555 4414 ‘Vmerus
565 4365 658 4415 retains
673 4365 789 4428 reptem
803 4379 836 4413 ou
847 4364 892 4414 the
939 4363 1273 4429 applieabletominionary
1283 4361 1418 4411 exa-tione.
1599 4383 1600 4428 3

339 4445 891 4512 manfieyosnsa,butmd0mmeword
989 4445 1131 4495 'Nrolrm
1158 4445 1321 4508 drea-rm,
1345 4443 1397 4492 aud
1418 4443 1495 4492 lower

340 4547 369 4580 as
392 4530 513 4592 προόδουι,
531 4527 613 4576 wbieb
637 4527 740 4594 reading
760 4528 807 4576 bas
828 4527 890 4576 been
940 4527 1172 4587 detrude-omnic.

339 4610 450 4677 sdopted
466 4609 553 4658 above.
590 4607 643 4656 Tne
664 4611 728 4657 term
744 4609 852 4673 pettam
869 4609 891 4656 is
990 4605 1044 4657 ‘A
1054 4605 1127 4656 mark
1141 4604 1170 4654 of
1181 4603 1331 4652 deteatatiou
1346 4601 1397 4652 and
1407 4602 1496 4652 borrer
