3292 5068
602 410 878 464 ussu1uou1unr.
1064 397 1069 408 '
1275 400 1318 464 33

150 557 305 645 plurimos
318 569 420 627 terre.
466 561 511 626 Et
526 561 638 626 iterum
652 562 719 648 ipse
735 563 848 630 Esaias
861 563 1040 630 unctionem
1054 564 1131 652 ejus,
1147 572 1179 632 et
1193 574 1320 654 propter
1344 590 1398 630 nm
1406 592 1445 632 111.
1454 603 1477 631 x.

154 664 234 750 quid
257 673 371 730 unctus
390 673 449 742 est,
469 666 712 753 praesignificans
731 667 795 731 ait:
820 669 960 752 Spiritus
978 669 1043 734 Dei
1059 689 1150 756 super
1166 691 1222 750 nee,
1245 693 1319 756 quo-
1344 637 1472 769 bbffililll

146 779 288 855 prepter
300 771 462 850 mealtune,
477 772 684 858 oocupolioore
699 771 880 838 ¹bumilibus
899 774 983 838 mint
1000 795 1056 854 uto,
1075 797 1185 840 curm
1200 777 1319 842 umuti-
1334 761 1482 821 -ss—

152 883 248 937 uutoc
263 873 361 950 eudo,
375 896 557 960 prooemiare
572 877 705 960 captiuis
721 876 933 955 rombumem,
952 885 979 941 et
997 879 1083 942 cocao
1102 879 1255 958 mamea,
1271 903 1319 944 oo-
1331 849 1451 946 bne-m

152 997 232 1041 care
252 997 368 1041 anuum
387 978 518 1042 Doruiui
539 977 763 1063 acceptabilem,
783 988 812 1043 et
831 978 911 1043 dum
932 979 1150 1058 retributionis,
1170 981 1320 1048 emactari

152 1101 262 1144 omnes
276 1081 466 1166 plaupoutea.
512 1081 595 1146 Nam
614 1082 785 1147 secundum
807 1083 839 1146 id
861 1084 944 1168 quod
967 1083 1110 1148 Verbum
1135 1083 1197 1148 Dei
1225 1083 1319 1150 homo

152 1190 227 1246 erat
247 1204 288 1246 ex
302 1183 406 1248 radice
426 1185 450 1248 J
451 1205 532 1259 esse,
548 1192 582 1250 et
593 1185 675 1250 filius
687 1185 835 1262 Abrahae,
851 1186 1021 1251 mcundum
1033 1187 1093 1250 hoc
1108 1185 1320 1272 requiescebat

154 1285 299 1372 Spiritus
319 1285 382 1350 Dei
401 1309 493 1373 super
512 1309 594 1367 eum,
616 1297 649 1353 et
670 1289 845 1375 ungebatur
864 1288 905 1353 ad
927 1289 1200 1376 evangelisandum
1218 1290 1318 1354 humi·

153 1389 252 1455 libus.
297 1391 474 1456 Secundum
492 1399 598 1456 autem
614 1392 696 1478 quod
716 1391 805 1456 Deus
824 1400 901 1470 erat,
921 1415 984 1458 non
998 1394 1168 1458 seeundum
1187 1393 1319 1480 gloriam

149 1491 330 1576 judicabat,
346 1513 447 1580 neque
461 1494 632 1558 secundum
646 1493 799 1580 loquelam
813 1495 980 1581 arguebat:
996 1516 1056 1560 noc
1069 1496 1150 1559 enine
1164 1517 1238 1580 opus
1251 1506 1319 1562 oret
1330 1521 1379 1561 sou.
1388 1521 1410 1560 u
1419 1523 1450 1562 ea

153 1595 220 1672 illi,
237 1605 273 1660 ut
291 1595 359 1680 quis
373 1597 420 1661 2εἰ·
433 1597 632 1661 testimonium
651 1598 763 1662 dumet
782 1597 821 1663 de
834 1597 959 1677 bomiou
974 1619 1043 1663 cum
1056 1598 1120 1684 ipoco
1138 1599 1228 1664 coiret
1242 1599 1321 1684 quid

155 1707 230 1764 esset
250 1699 286 1762 iu
300 1699 426 1764 bomine.
463 1699 648 1764 Advocabat
667 1708 773 1765 autem
787 1721 895 1765 omnes
909 1701 1051 1766 homines
1070 1701 1264 1788 plangentes,
1284 1709 1318 1768 et

154 1801 375 1867 remissionem
400 1801 449 1867 bis
478 1802 530 1889 qui
555 1823 576 1866 a
605 1803 741 1888 peccatis
770 1803 803 1867 in
832 1803 1045 1889 captivitatem
1078 1802 1203 1868 deducti
1229 1811 1318 1868 erant

155 1905 292 1984 donans,
312 1905 451 1972 solvebat
469 1927 523 1971 eos
541 1927 563 1970 a
582 1905 720 1986 vinculis,
740 1907 908 1994 dequibus
927 1907 972 1971 ait
989 1906 1153 1972 Salomon:
1177 1905 1318 1972 Hostibus
1332 1922 1458 1964 Pru-vm·

153 2017 264 2072 autem
275 2018 468 2093 pcccatorum
481 2029 602 2072 suorum
616 2009 819 2096 uuusquisque
832 2009 1059 2094 countriupitur.
1094 2009 1229 2095 Spiritus
1243 2031 1319 2097 ergo

156 2109 223 2176 Dei
234 2111 396 2176 descendit
407 2111 439 2174 in
454 2111 630 2197 cum,⁸ejus
644 2111 696 2198 qui
708 2111 944 2198 perpropbetns
958 2109 1141 2197 promiserat
1153 2119 1320 2176 uncturum

156 2235 194 2279 ee
213 2235 298 2294 eum,
321 2223 357 2279 nt
378 2215 417 2279 de
438 2215 630 2280 abundantia
650 2215 806 2280 unctionis
827 2216 896 2303 ejus
914 2235 971 2280 nos
992 2213 1198 2302 percipientes
1219 2214 1317 2281 salva·

155 2339 275 2384 remur.
314 2317 360 2383 Et
373 2317 419 2384 sic
434 2317 558 2405 quidem
575 2317 761 2384 Matthaeus.

645 2608 745 2674 OAP.
771 2608 838 2673 XI.

187 2767 352 2845 Octoucio
372 2767 468 2868 quod
490 2793 604 2867 reoque
619 2766 746 2866 pluro,
775 2791 840 2840 uec
863 2761 983 2839 miuus
1004 2789 1115 2864 queam
1135 2776 1292 2863 quotuor

494 2898 645 2984 possunt
667 2910 739 2959 esse
760 2881 976 2980 Eouupelio.

225 3071 258 3131 1.
304 3065 416 3131 anns
446 3073 551 3131 autem
580 3073 725 3144 sectator,
756 3073 788 3132 et
816 3063 984 3152 discipulus
1014 3062 1247 3150 Apostolorum,
1275 3064 1314 3128 de

158 3171 324 3250 Zacharia,
344 3179 377 3236 et
396 3169 568 3248 Elisabeth,
589 3170 756 3256 exquibus
772 3169 941 3234 secundum
960 3166 1229 3253 repromissionem
1252 3165 1313 3230 Dei

157 3273 181 3338 J
184 3277 325 3340 ohannes
345 3281 439 3339 natm
459 3280 518 3352 est,
537 3274 672 3338 referens
693 3273 756 3338 ait:
787 3273 893 3336 Eruet
913 3280 1014 3336 autem
1031 3269 1114 3356 justi
1137 3268 1223 3334 ambo
1244 3278 1314 3335 auo
1326 3287 1424 3328 Luc-'ss

157 3377 270 3458 Deum,
293 3377 462 3442 incedentes
487 3377 522 3441 iu
544 3375 680 3441 omuibus
700 3375 856 3440 moudotis
881 3384 909 3441 et
935 3375 1069 3460 justitiis
1093 3373 1224 3438 Domini
1248 3373 1313 3438 aaa

157 3482 290 3566 querela.
335 3479 381 3546 Et
398 3481 511 3546 iterum
532 3481 571 3546 de
586 3479 740 3544 Zacharia
759 3479 883 3544 dicens:
904 3480 1037 3544 Fortun
1056 3486 1100 3543 ost
1118 3485 1466 3556 commonuissem.

157 3585 328 3652 moerdotio
347 3584 537 3672 fungeretur
558 3585 594 3649 iu
615 3582 722 3648 orbim
743 3581 820 3646 oieb
840 3603 903 3646 nou
924 3590 995 3646 oute
1016 3580 1127 3658 Dum,
1149 3580 1313 3645 occumbo

158 3688 401 3754 cumuudtoou
414 3687 586 3767 sacedotii,
602 3695 680 3752 corte
694 3686 789 3751 abiut
803 3695 837 3750 ut
849 3685 1002 3750 iuoeruum
1012 3691 1147 3770 ponera
1162 3687 1213 3747 ⁴et
1227 3681 1313 3746 venit

207 3887 374 3938 munuum.
420 3885 473 3935 une
505 3885 594 3935 Lxx.
622 3885 711 3934 render
758 3901 810 3952 ,lm
837 3899 966 3966 emm,
988 3900 1014 3948 i,
1036 3898 1079 3948 ,lm
1102 3897 1188 3962 sm,
1206 3863 1311 3958 ...212

160 3965 239 4046 ῠῖἱξῑζ
245 3971 400 4036 δγπτωχοῖς,
409 3969 452 4018 the
460 3968 531 4016 other
542 3967 710 4017 Greektraus·
1086 3978 1170 4055 ,σὺ
1198 4005 1311 4055 mm

159 4048 235 4102 latore
248 4054 298 4108 Ao.
317 4052 417 4100 Tenon.
437 4049 487 4098 and
500 4048 664 4098 Ssuuscsus
676 4049 711 4113 by
1199 4055 1208 4072 ·

160 4136 287 4195 ταπεινοῖς,
311 4133 354 4184 the
378 4132 481 4196 reading
505 4131 563 4179 here
587 4129 707 4179 followed.
808 4127 955 4177 ³Irestore
966 4126 1009 4175 the
1019 4127 1074 4174 text
1085 4123 1150 4173 after
1161 4123 1310 4172 theeman.

161 4215 198 4264 As
214 4217 309 4267 Gannn
324 4215 443 4274 mmmlrs,
462 4214 504 4263 the
521 4228 588 4262 same
604 4213 673 4261 word
689 4213 710 4261 io
759 4227 830 4276 copy,
844 4211 886 4259 the
906 4209 964 4274 only
980 4207 1103 4256 variation
1120 4205 1201 4270 being,
1218 4206 1274 4254 that
1290 4205 1312 4254 it

161 4295 237 4348 found
255 4299 280 4348 in
297 4299 340 4347 the
358 4297 405 4361 Ep.
424 4296 453 4345 of
472 4295 628 4356 amnonis,
643 4294 656 4353 ἓ
671 4309 708 4355 14,
759 4295 803 4343 has
820 4309 850 4342 eu
865 4309 893 4342 ao
903 4308 936 4342 an
947 4291 1076 4356 imperfect
1090 4289 1260 4340 abbreviation
1272 4287 1312 4338 for

161 4377 502 4442 whersthctextisquoted.
759 4376 813 4440 ejus.
850 4374 903 4423 The
918 4373 991 4422 usual
1006 4372 1109 4436 reading
1123 4372 1144 4420 is
1159 4370 1312 4434 impractica·

207 4461 220 4493 ⁸
234 4461 257 4512 ei
270 4463 291 4512 is
305 4461 415 4512 restored
428 4461 586 4521 uenatore,
602 4457 641 4508 ior
655 4459 676 4507 it
690 4459 710 4508 is
759 4457 811 4506 hle:
828 4457 877 4520 φη
888 4455 931 4519 qui
941 4470 1004 4504 cum.

162 4539 237 4593 found
248 4545 274 4594 in
284 4545 328 4593 tha
339 4543 440 4592 Cannu.
453 4557 525 4606 copy,
537 4541 586 4590 and
598 4555 625 4590 as
638 4539 710 4589 Sul·
808 4535 819 4569 ⁴
835 4543 855 4586 et
871 4536 934 4586 uenit
950 4536 988 4584 uti
1004 4533 1157 4598 sanificat-et,
1174 4533 1252 4582 either
1268 4532 1311 4580 tbs

162 4631 213 4673 nnn
234 4643 299 4692 says,
319 4627 346 4675 in
368 4625 410 4674 the
432 4625 512 4673 Vota.
536 4623 593 4672 ΜΞ.
640 4623 666 4670 It
690 4621 711 4670 ia
759 4620 936 4684 interpolation
952 4619 981 4668 of
994 4619 1179 4666 aninaceurate
1190 4629 1310 4677 memcry,

260 4735 333 4780 von.
353 4734 386 4778 11.
575 4797 577 4802 ,
1189 4703 1210 4764 3
