<?xml version="1.0" encoding="UTF-8"?>
<!DOCTYPE html PUBLIC "-//W3C//DTD XHTML 1.0 Transitional//EN"
    "http://www.w3.org/TR/xhtml1/DTD/xhtml1-transitional.dtd">
<html xmlns="http://www.w3.org/1999/xhtml" xml:lang="en" lang="en">
 <head>
  <title>
</title>
<meta http-equiv="Content-Type" content="text/html;charset=utf-8" />
  <meta name='ocr-system' content='tesseract 3.04.00' />
  <meta name='ocr-capabilities' content='ocr_page ocr_carea ocr_par ocr_line ocrx_word'/>
</head>
<body>
  <div class='ocr_page' id='page_1' title='image "./sanctiirenaeili00irengoog_0293.png"; bbox 0 0 3276 5086; ppageno 0'>
   <div class='ocr_carea' id='block_1_1' title="bbox 320 350 1066 416">
    <p class='ocr_par' dir='ltr' id='par_1_1' title="bbox 320 350 1066 416">
     <span class='ocr_line' id='line_1_1' title="bbox 320 350 1066 416; baseline -0.007 0"><span class='ocrx_word' id='word_1_1' title='bbox 320 350 385 416; x_wconf 76' lang='grc'>282</span> <span class='ocrx_word' id='word_1_2' title='bbox 577 397 579 402; x_wconf 81' lang='lat'><em>·</em></span> <span class='ocrx_word' id='word_1_3' title='bbox 715 361 842 416; x_wconf 72' lang='lat' dir='ltr'>OMNIA</span> <span class='ocrx_word' id='word_1_4' title='bbox 868 359 920 414; x_wconf 78' lang='lat' dir='ltr'>AB</span> <span class='ocrx_word' id='word_1_5' title='bbox 946 359 1066 414; x_wconf 81' lang='lat' dir='ltr'>INITIO</span> 
     </span>
    </p>
   </div>
   <div class='ocr_carea' id='block_1_2' title="bbox 156 511 1478 1221">
    <p class='ocr_par' dir='ltr' id='par_1_2' title="bbox 184 511 1475 602">
     <span class='ocr_line' id='line_1_2' title="bbox 184 511 1475 602; baseline -0.003 -22"><span class='ocrx_word' id='word_1_6' title='bbox 184 539 283 580; x_wconf 81' lang='lat' dir='ltr'>narr.</span> <span class='ocrx_word' id='word_1_7' title='bbox 320 515 397 582; x_wconf 74' lang='lat' dir='ltr'>thoe</span> <span class='ocrx_word' id='word_1_8' title='bbox 418 522 467 584; x_wconf 88' lang='lat' dir='ltr'>est</span> <span class='ocrx_word' id='word_1_9' title='bbox 488 515 572 581; x_wconf 90' lang='lat' dir='ltr'>enim</span> <span class='ocrx_word' id='word_1_10' title='bbox 594 515 808 582; x_wconf 87' lang='lat' dir='ltr'>indumentum</span> <span class='ocrx_word' id='word_1_11' title='bbox 831 515 1020 602; x_wconf 85' lang='lat' dir='ltr'>nuptiarum,</span> <span class='ocrx_word' id='word_1_12' title='bbox 1035 514 1075 580; x_wconf 90' lang='lat' dir='ltr'>de</span> <span class='ocrx_word' id='word_1_13' title='bbox 1094 535 1157 601; x_wconf 92' lang='lat' dir='ltr'>quo</span> <span class='ocrx_word' id='word_1_14' title='bbox 1171 521 1204 580; x_wconf 89' lang='lat' dir='ltr'>et</span> <span class='ocrx_word' id='word_1_15' title='bbox 1220 511 1394 599; x_wconf 73' lang='lat' dir='ltr'><strong>Apostolus</strong></span> <span class='ocrx_word' id='word_1_16' title='bbox 1407 511 1475 576; x_wconf 81' lang='lat' dir='ltr'>ait:</span> 
     </span>
    </p>

    <p class='ocr_par' dir='ltr' id='par_1_3' title="bbox 184 586 1478 718">
     <span class='ocr_line' id='line_1_3' title="bbox 184 586 1478 718; baseline -0.004 -33"><span class='ocrx_word' id='word_1_17' title='bbox 184 586 278 718; x_wconf 58' lang='lat' dir='ltr'>ilijgi</span> <span class='ocrx_word' id='word_1_18' title='bbox 321 620 475 685; x_wconf 69' lang='lat' dir='ltr'>numu</span> <span class='ocrx_word' id='word_1_19' title='bbox 495 619 671 705; x_wconf 61' lang='lat' dir='ltr'>epuns</span> <span class='ocrx_word' id='word_1_20' title='bbox 693 619 748 684; x_wconf 68' lang='lat' dir='ltr'>aas</span> <span class='ocrx_word' id='word_1_21' title='bbox 766 619 959 706; x_wconf 56' lang='lat' dir='ltr'>mannen,</span> <span class='ocrx_word' id='word_1_22' title='bbox 984 621 1032 684; x_wconf 74' lang='lat' dir='ltr'>nr</span> <span class='ocrx_word' id='word_1_23' title='bbox 1052 618 1249 684; x_wconf 65' lang='lat' dir='ltr'>nemen</span> <span class='ocrx_word' id='word_1_24' title='bbox 1268 617 1397 682; x_wconf 66' lang='lat' dir='ltr'>mnan</span> <span class='ocrx_word' id='word_1_25' title='bbox 1418 613 1478 680; x_wconf 65' lang='lat' dir='ltr'>nt</span> 
     </span>
    </p>

    <p class='ocr_par' dir='ltr' id='par_1_4' title="bbox 156 719 1478 1221">
     <span class='ocr_line' id='line_1_4' title="bbox 170 719 1476 811; baseline -0.003 -23"><span class='ocrx_word' id='word_1_26' title='bbox 170 723 296 811; x_wconf 42' lang='lat'>{232}</span> <span class='ocrx_word' id='word_1_27' title='bbox 321 723 562 790; x_wconf 74' lang='lat' dir='ltr'>immortalitate.</span> <span class='ocrx_word' id='word_1_28' title='bbox 607 722 669 804; x_wconf 76' lang='lat' dir='ltr'>Qui</span> <span class='ocrx_word' id='word_1_29' title='bbox 690 731 798 788; x_wconf 88' lang='lat' dir='ltr'>sutem</span> <span class='ocrx_word' id='word_1_30' title='bbox 818 722 921 788; x_wconf 84' lang='lat' dir='ltr'>vocati</span> <span class='ocrx_word' id='word_1_31' title='bbox 943 723 1069 809; x_wconf 88' lang='lat' dir='ltr'>quidem</span> <span class='ocrx_word' id='word_1_32' title='bbox 1090 731 1164 788; x_wconf 89' lang='lat' dir='ltr'>sunt</span> <span class='ocrx_word' id='word_1_33' title='bbox 1186 723 1228 788; x_wconf 87' lang='lat' dir='ltr'>ad</span> <span class='ocrx_word' id='word_1_34' title='bbox 1252 743 1375 788; x_wconf 79' lang='lat' dir='ltr'>coenam</span> <span class='ocrx_word' id='word_1_35' title='bbox 1400 719 1476 797; x_wconf 85' lang='lat' dir='ltr'>Dei,</span> 
     </span>
     <span class='ocr_line' id='line_1_5' title="bbox 156 823 1478 922; baseline -0.002 -32"><span class='ocrx_word' id='word_1_36' title='bbox 156 845 307 922; x_wconf 52' lang='lat' dir='ltr'>W</span> <span class='ocrx_word' id='word_1_37' title='bbox 321 835 354 890; x_wconf 90' lang='lat' dir='ltr'>et</span> <span class='ocrx_word' id='word_1_38' title='bbox 367 833 494 912; x_wconf 88' lang='lat' dir='ltr'>propter</span> <span class='ocrx_word' id='word_1_39' title='bbox 507 825 621 890; x_wconf 80' lang='lat' dir='ltr'>malam</span> <span class='ocrx_word' id='word_1_40' title='bbox 635 847 724 890; x_wconf 87' lang='lat' dir='ltr'>suam</span> <span class='ocrx_word' id='word_1_41' title='bbox 740 825 1005 891; x_wconf 75' lang='lat' dir='ltr'><strong>conversationem</strong></span> <span class='ocrx_word' id='word_1_42' title='bbox 1020 847 1083 891; x_wconf 92' lang='lat' dir='ltr'>non</span> <span class='ocrx_word' id='word_1_43' title='bbox 1098 833 1301 910; x_wconf 86' lang='lat' dir='ltr'>percepenmt</span> <span class='ocrx_word' id='word_1_44' title='bbox 1323 823 1478 909; x_wconf 89' lang='lat' dir='ltr'>Spiritum</span> 
     </span>
     <span class='ocr_line' id='line_1_6' title="bbox 156 909 1478 1024; baseline -0.004 -27"><span class='ocrx_word' id='word_1_45' title='bbox 156 909 307 1024; x_wconf 47' lang='lat' dir='ltr'>affligi</span> <span class='ocrx_word' id='word_1_46' title='bbox 321 939 474 1008; x_wconf 83' lang='lat' dir='ltr'>sanctum,</span> <span class='ocrx_word' id='word_1_47' title='bbox 491 930 706 1017; x_wconf 69' lang='lat' dir='ltr'>projicientur,</span> <span class='ocrx_word' id='word_1_48' title='bbox 729 929 841 1015; x_wconf 90' lang='lat' dir='ltr'>inquit,</span> <span class='ocrx_word' id='word_1_49' title='bbox 863 931 898 995; x_wconf 88' lang='lat' dir='ltr'>in</span> <span class='ocrx_word' id='word_1_50' title='bbox 919 927 1055 994; x_wconf 65' lang='lat' dir='ltr'>tortellus</span> <span class='ocrx_word' id='word_1_51' title='bbox 1085 930 1254 994; x_wconf 67' lang='lat' dir='ltr'>mteriorn.</span> <span class='ocrx_word' id='word_1_52' title='bbox 1303 927 1478 992; x_wconf 78' lang='lat' dir='ltr'>Manifeste</span> 
     </span>
     <span class='ocr_line' id='line_1_7' title="bbox 156 1019 1478 1118; baseline -0.004 -19"><span class='ocrx_word' id='word_1_53' title='bbox 156 1019 215 1060; x_wconf 56' lang='grc' dir='ltr'><em>Μ</em></span> <span class='ocrx_word' id='word_1_54' title='bbox 226 1021 277 1060; x_wconf 74' lang='lat'><strong>¹¹¹¹·</strong></span> <span class='ocrx_word' id='word_1_55' title='bbox 321 1033 513 1110; x_wconf 67' lang='lat' dir='ltr'>”ostendens</span> <span class='ocrx_word' id='word_1_56' title='bbox 529 1031 613 1116; x_wconf 92' lang='lat' dir='ltr'>quod</span> <span class='ocrx_word' id='word_1_57' title='bbox 634 1031 717 1096; x_wconf 89' lang='lat' dir='ltr'>idem</span> <span class='ocrx_word' id='word_1_58' title='bbox 739 1032 806 1117; x_wconf 91' lang='lat' dir='ltr'>ipse</span> <span class='ocrx_word' id='word_1_59' title='bbox 823 1053 890 1110; x_wconf 84' lang='lat' dir='ltr'>rex,</span> <span class='ocrx_word' id='word_1_60' title='bbox 906 1032 959 1118; x_wconf 91' lang='lat' dir='ltr'>qui</span> <span class='ocrx_word' id='word_1_61' title='bbox 981 1031 1196 1098; x_wconf 75' lang='lat' dir='ltr'>convocaverit</span> <span class='ocrx_word' id='word_1_62' title='bbox 1214 1031 1350 1114; x_wconf 89' lang='lat' dir='ltr'>undique</span> <span class='ocrx_word' id='word_1_63' title='bbox 1366 1029 1478 1096; x_wconf 87' lang='lat' dir='ltr'>fideles</span> 
     </span>
     <span class='ocr_line' id='line_1_8' title="bbox 320 1131 1478 1221; baseline -0.002 -21"><span class='ocrx_word' id='word_1_64' title='bbox 320 1134 362 1200; x_wconf 86' lang='lat' dir='ltr'>ad</span> <span class='ocrx_word' id='word_1_65' title='bbox 379 1136 506 1221; x_wconf 89' lang='lat' dir='ltr'>nuptias</span> <span class='ocrx_word' id='word_1_66' title='bbox 524 1133 598 1200; x_wconf 86' lang='lat' dir='ltr'>Filii</span> <span class='ocrx_word' id='word_1_67' title='bbox 618 1133 678 1212; x_wconf 91' lang='lat' dir='ltr'>sui,</span> <span class='ocrx_word' id='word_1_68' title='bbox 694 1141 727 1200; x_wconf 91' lang='lat' dir='ltr'>et</span> <span class='ocrx_word' id='word_1_69' title='bbox 741 1133 973 1220; x_wconf 81' lang='lat' dir='ltr'>incorruptibile</span> <span class='ocrx_word' id='word_1_70' title='bbox 988 1133 1163 1200; x_wconf 83' lang='lat' dir='ltr'>convivium</span> <span class='ocrx_word' id='word_1_71' title='bbox 1178 1131 1348 1210; x_wconf 84' lang='lat' dir='ltr'>donaverit,</span> <span class='ocrx_word' id='word_1_72' title='bbox 1363 1132 1478 1217; x_wconf 79' lang='lat' dir='ltr'>jubeat</span> 
     </span>
    </p>
   </div>
   <div class='ocr_carea' id='block_1_3' title="bbox 320 1203 1631 1321">
    <p class='ocr_par' dir='ltr' id='par_1_5' title="bbox 320 1203 1631 1321">
     <span class='ocr_line' id='line_1_9' title="bbox 320 1203 1631 1321; baseline -0.006 -17"><span class='ocrx_word' id='word_1_73' title='bbox 320 1237 405 1304; x_wconf 89' lang='lat' dir='ltr'>mitti</span> <span class='ocrx_word' id='word_1_74' title='bbox 434 1238 467 1304; x_wconf 96' lang='lat' dir='ltr'>in</span> <span class='ocrx_word' id='word_1_75' title='bbox 495 1239 642 1304; x_wconf 86' lang='lat' dir='ltr'>tenebras</span> <span class='ocrx_word' id='word_1_76' title='bbox 662 1236 833 1302; x_wconf 73' lang='lat' dir='ltr'>exteriores</span> <span class='ocrx_word' id='word_1_77' title='bbox 853 1258 936 1314; x_wconf 89' lang='lat' dir='ltr'>sum,</span> <span class='ocrx_word' id='word_1_78' title='bbox 964 1236 1016 1321; x_wconf 90' lang='lat' dir='ltr'>qui</span> <span class='ocrx_word' id='word_1_79' title='bbox 1045 1257 1109 1300; x_wconf 92' lang='lat' dir='ltr'>non</span> <span class='ocrx_word' id='word_1_80' title='bbox 1133 1235 1229 1300; x_wconf 88' lang='lat' dir='ltr'>habet</span> <span class='ocrx_word' id='word_1_81' title='bbox 1257 1235 1477 1300; x_wconf 89' lang='lat' dir='ltr'>indumentum</span> <span class='ocrx_word' id='word_1_82' title='bbox 1492 1248 1525 1288; x_wconf 77' lang='lat'>¹1-</span> <span class='ocrx_word' id='word_1_83' title='bbox 1538 1249 1584 1288; x_wconf 66' lang='grc' dir='ltr'>’ω-</span> <span class='ocrx_word' id='word_1_84' title='bbox 1630 1203 1631 1296; x_wconf 84' lang='lat' dir='ltr'>i</span> 
     </span>
    </p>
   </div>
   <div class='ocr_carea' id='block_1_4' title="bbox 156 1337 1573 4327">
    <p class='ocr_par' dir='ltr' id='par_1_6' title="bbox 320 1337 1478 1426">
     <span class='ocr_line' id='line_1_10' title="bbox 320 1337 1478 1426; baseline 0 -22"><span class='ocrx_word' id='word_1_85' title='bbox 320 1339 508 1426; x_wconf 74' lang='lat' dir='ltr'>nuptiarum,</span> <span class='ocrx_word' id='word_1_86' title='bbox 524 1339 584 1406; x_wconf 91' lang='lat' dir='ltr'>boc</span> <span class='ocrx_word' id='word_1_87' title='bbox 598 1347 657 1418; x_wconf 87' lang='lat' dir='ltr'>est,</span> <span class='ocrx_word' id='word_1_88' title='bbox 673 1347 908 1404; x_wconf 80' lang='lat' dir='ltr'>contemtorem.</span> <span class='ocrx_word' id='word_1_89' title='bbox 944 1337 1213 1421; x_wconf 70' lang='lat' dir='ltr'>Quemadmodum</span> <span class='ocrx_word' id='word_1_90' title='bbox 1226 1337 1311 1404; x_wconf 91' lang='lat' dir='ltr'>enim</span> <span class='ocrx_word' id='word_1_91' title='bbox 1326 1338 1357 1402; x_wconf 93' lang='lat' dir='ltr'>in</span> <span class='ocrx_word' id='word_1_92' title='bbox 1373 1337 1478 1423; x_wconf 90' lang='lat' dir='ltr'>priore</span> 
     </span>
    </p>

    <p class='ocr_par' dir='ltr' id='par_1_7' title="bbox 158 1443 1478 1531">
     <span class='ocr_line' id='line_1_11' title="bbox 158 1443 1478 1531; baseline -0.001 -20"><span class='ocrx_word' id='word_1_93' title='bbox 158 1445 279 1531; x_wconf 44' lang='lat' dir='ltr'>impl:</span> <span class='ocrx_word' id='word_1_94' title='bbox 323 1447 526 1512; x_wconf 79' lang='lat' dir='ltr'>Testamenta</span> <span class='ocrx_word' id='word_1_95' title='bbox 547 1467 607 1512; x_wconf 85' lang='lat' dir='ltr'>non</span> <span class='ocrx_word' id='word_1_96' title='bbox 623 1447 659 1512; x_wconf 85' lang='lat' dir='ltr'>in</span> <span class='ocrx_word' id='word_1_97' title='bbox 679 1446 783 1512; x_wconf 82' lang='lat' dir='ltr'>multis</span> <span class='ocrx_word' id='word_1_98' title='bbox 803 1446 928 1512; x_wconf 81' lang='lat' dir='ltr'>illorrnn</span> <span class='ocrx_word' id='word_1_99' title='bbox 949 1445 1020 1512; x_wconf 69' lang='lat' dir='ltr'>tene</span> <span class='ocrx_word' id='word_1_100' title='bbox 1043 1446 1150 1519; x_wconf 72' lang='lat' dir='ltr'>serndr</span> <span class='ocrx_word' id='word_1_101' title='bbox 1181 1443 1227 1510; x_wconf 90' lang='lat' dir='ltr'>sio</span> <span class='ocrx_word' id='word_1_102' title='bbox 1250 1453 1284 1510; x_wconf 94' lang='lat' dir='ltr'>et</span> <span class='ocrx_word' id='word_1_103' title='bbox 1308 1443 1361 1509; x_wconf 91' lang='lat' dir='ltr'>hic</span> <span class='ocrx_word' id='word_1_104' title='bbox 1383 1443 1478 1510; x_wconf 64' lang='lat' dir='ltr'>nendi</span> 
     </span>
    </p>

    <p class='ocr_par' dir='ltr' id='par_1_8' title="bbox 157 1539 1478 2870">
     <span class='ocr_line' id='line_1_12' title="bbox 157 1539 1477 1636; baseline -0.003 -19"><span class='ocrx_word' id='word_1_105' title='bbox 157 1539 186 1577; x_wconf 72' lang='lat'>¹⁴</span> <span class='ocrx_word' id='word_1_106' title='bbox 321 1550 429 1628; x_wconf 83' lang='lat' dir='ltr'>oceati,</span> <span class='ocrx_word' id='word_1_107' title='bbox 443 1550 542 1636; x_wconf 80' lang='lat' dir='ltr'>poreci</span> <span class='ocrx_word' id='word_1_108' title='bbox 563 1553 652 1614; x_wconf 79' lang='lat' dir='ltr'>⁸cero</span> <span class='ocrx_word' id='word_1_109' title='bbox 673 1547 768 1614; x_wconf 81' lang='lat' dir='ltr'>electi.</span> <span class='ocrx_word' id='word_1_110' title='bbox 815 1547 888 1614; x_wconf 91' lang='lat' dir='ltr'>Non</span> <span class='ocrx_word' id='word_1_111' title='bbox 901 1549 981 1616; x_wconf 85' lang='lat' dir='ltr'>alius</span> <span class='ocrx_word' id='word_1_112' title='bbox 995 1549 1091 1636; x_wconf 83' lang='lat' dir='ltr'>igitur</span> <span class='ocrx_word' id='word_1_113' title='bbox 1107 1548 1161 1633; x_wconf 89' lang='lat' dir='ltr'>qui</span> <span class='ocrx_word' id='word_1_114' title='bbox 1179 1547 1301 1634; x_wconf 83' lang='lat' dir='ltr'>judicat</span> <span class='ocrx_word' id='word_1_115' title='bbox 1321 1545 1419 1625; x_wconf 90' lang='lat' dir='ltr'>Deus,</span> <span class='ocrx_word' id='word_1_116' title='bbox 1441 1555 1477 1614; x_wconf 86' lang='lat' dir='ltr'>et</span> 
     </span>
     <span class='ocr_line' id='line_1_13' title="bbox 320 1650 1475 1738; baseline -0.002 -20"><span class='ocrx_word' id='word_1_117' title='bbox 320 1651 402 1718; x_wconf 79' lang='lat' dir='ltr'>aliua</span> <span class='ocrx_word' id='word_1_118' title='bbox 426 1651 480 1738; x_wconf 89' lang='lat' dir='ltr'>qui</span> <span class='ocrx_word' id='word_1_119' title='bbox 505 1659 656 1718; x_wconf 75' lang='lat' dir='ltr'>convocat</span> <span class='ocrx_word' id='word_1_120' title='bbox 682 1652 723 1716; x_wconf 89' lang='lat' dir='ltr'>ad</span> <span class='ocrx_word' id='word_1_121' title='bbox 745 1651 879 1718; x_wconf 82' lang='lat' dir='ltr'>salutem</span> <span class='ocrx_word' id='word_1_122' title='bbox 908 1652 1018 1719; x_wconf 82' lang='lat' dir='ltr'>Pater:</span> <span class='ocrx_word' id='word_1_123' title='bbox 1053 1673 1111 1718; x_wconf 92' lang='lat' dir='ltr'>nec</span> <span class='ocrx_word' id='word_1_124' title='bbox 1139 1650 1220 1718; x_wconf 86' lang='lat' dir='ltr'>alius</span> <span class='ocrx_word' id='word_1_125' title='bbox 1247 1650 1391 1736; x_wconf 80' lang='lat' dir='ltr'>⁸quidem</span> <span class='ocrx_word' id='word_1_126' title='bbox 1420 1650 1475 1736; x_wconf 89' lang='lat' dir='ltr'>qui</span> 
     </span>
     <span class='ocr_line' id='line_1_14' title="bbox 320 1751 1476 1840; baseline -0.002 -20"><span class='ocrx_word' id='word_1_127' title='bbox 320 1761 473 1820; x_wconf 80' lang='lat' dir='ltr'>retornmn</span> <span class='ocrx_word' id='word_1_128' title='bbox 493 1753 598 1820; x_wconf 87' lang='lat' dir='ltr'>lumen</span> <span class='ocrx_word' id='word_1_129' title='bbox 616 1754 721 1832; x_wconf 81' lang='lat' dir='ltr'>donat,</span> <span class='ocrx_word' id='word_1_130' title='bbox 744 1753 825 1818; x_wconf 84' lang='lat' dir='ltr'>alins</span> <span class='ocrx_word' id='word_1_131' title='bbox 842 1775 914 1820; x_wconf 86' lang='lat' dir='ltr'>vero</span> <span class='ocrx_word' id='word_1_132' title='bbox 936 1753 988 1840; x_wconf 93' lang='lat' dir='ltr'>qui</span> <span class='ocrx_word' id='word_1_133' title='bbox 1014 1754 1105 1840; x_wconf 90' lang='lat' dir='ltr'>jubet</span> <span class='ocrx_word' id='word_1_134' title='bbox 1134 1752 1167 1818; x_wconf 90' lang='lat' dir='ltr'>in</span> <span class='ocrx_word' id='word_1_135' title='bbox 1196 1751 1366 1821; x_wconf 79' lang='lat' dir='ltr'>exteriores</span> <span class='ocrx_word' id='word_1_136' title='bbox 1391 1751 1476 1818; x_wconf 88' lang='lat' dir='ltr'>mitti</span> 
     </span>
     <span class='ocr_line' id='line_1_15' title="bbox 320 1856 1476 1944; baseline 0.002 -22"><span class='ocrx_word' id='word_1_137' title='bbox 320 1858 466 1924; x_wconf 75' lang='lat' dir='ltr'>tenebrae</span> <span class='ocrx_word' id='word_1_138' title='bbox 480 1879 535 1922; x_wconf 88' lang='lat' dir='ltr'>eos</span> <span class='ocrx_word' id='word_1_139' title='bbox 549 1857 602 1944; x_wconf 91' lang='lat' dir='ltr'>qui</span> <span class='ocrx_word' id='word_1_140' title='bbox 617 1879 681 1923; x_wconf 92' lang='lat' dir='ltr'>non</span> <span class='ocrx_word' id='word_1_141' title='bbox 695 1857 812 1924; x_wconf 87' lang='lat' dir='ltr'>babent</span> <span class='ocrx_word' id='word_1_142' title='bbox 834 1857 1051 1924; x_wconf 86' lang='lat' dir='ltr'>indumentum</span> <span class='ocrx_word' id='word_1_143' title='bbox 1073 1857 1261 1943; x_wconf 76' lang='lat' dir='ltr'>nuptiarum.</span> <span class='ocrx_word' id='word_1_144' title='bbox 1308 1856 1372 1922; x_wconf 83' lang='lat' dir='ltr'>Sed</span> <span class='ocrx_word' id='word_1_145' title='bbox 1393 1877 1476 1924; x_wconf 87' lang='lat' dir='ltr'>unos</span> 
     </span>
     <span class='ocr_line' id='line_1_16' title="bbox 321 1959 1471 2048; baseline 0 -24"><span class='ocrx_word' id='word_1_146' title='bbox 321 1967 355 2025; x_wconf 90' lang='lat' dir='ltr'>et</span> <span class='ocrx_word' id='word_1_147' title='bbox 368 1959 451 2024; x_wconf 88' lang='lat' dir='ltr'>idern</span> <span class='ocrx_word' id='word_1_148' title='bbox 466 1959 555 2025; x_wconf 86' lang='lat' dir='ltr'>Dens</span> <span class='ocrx_word' id='word_1_149' title='bbox 570 1961 668 2026; x_wconf 86' lang='lat' dir='ltr'>Pater</span> <span class='ocrx_word' id='word_1_150' title='bbox 682 1960 812 2026; x_wconf 88' lang='lat' dir='ltr'>Domini</span> <span class='ocrx_word' id='word_1_151' title='bbox 826 1960 935 2040; x_wconf 89' lang='lat' dir='ltr'>nostri,</span> <span class='ocrx_word' id='word_1_152' title='bbox 950 1982 971 2026; x_wconf 85' lang='lat' dir='ltr'>a</span> <span class='ocrx_word' id='word_1_153' title='bbox 985 1982 1047 2048; x_wconf 90' lang='lat' dir='ltr'>quo</span> <span class='ocrx_word' id='word_1_154' title='bbox 1061 1969 1094 2026; x_wconf 94' lang='lat' dir='ltr'>et</span> <span class='ocrx_word' id='word_1_155' title='bbox 1108 1959 1267 2046; x_wconf 85' lang='lat' dir='ltr'>prophetoe</span> <span class='ocrx_word' id='word_1_156' title='bbox 1281 1959 1471 2024; x_wconf 88' lang='lat' dir='ltr'>missisunt:</span> 
     </span>
     <span class='ocr_line' id='line_1_17' title="bbox 321 2061 1475 2150; baseline 0 -22"><span class='ocrx_word' id='word_1_157' title='bbox 321 2061 466 2149; x_wconf 79' lang='lat' dir='ltr'>indignos</span> <span class='ocrx_word' id='word_1_158' title='bbox 480 2063 605 2150; x_wconf 89' lang='lat' dir='ltr'>quidem</span> <span class='ocrx_word' id='word_1_159' title='bbox 620 2085 794 2130; x_wconf 86' lang='lat' dir='ltr'>convocans</span> <span class='ocrx_word' id='word_1_160' title='bbox 808 2071 935 2150; x_wconf 89' lang='lat' dir='ltr'>propter</span> <span class='ocrx_word' id='word_1_161' title='bbox 949 2063 1133 2128; x_wconf 84' lang='lat' dir='ltr'>immensam</span> <span class='ocrx_word' id='word_1_162' title='bbox 1150 2063 1394 2150; x_wconf 69' lang='lat' dir='ltr'>benignitatem</span> <span class='ocrx_word' id='word_1_163' title='bbox 1418 2083 1475 2128; x_wconf 87' lang='lat' dir='ltr'>eos</span> 
     </span>
     <span class='ocr_line' id='line_1_18' title="bbox 320 2165 1474 2252; baseline 0.002 -24"><span class='ocrx_word' id='word_1_164' title='bbox 320 2185 393 2230; x_wconf 85' lang='lat' dir='ltr'>vero</span> <span class='ocrx_word' id='word_1_165' title='bbox 415 2165 467 2250; x_wconf 90' lang='lat' dir='ltr'>qui</span> <span class='ocrx_word' id='word_1_166' title='bbox 490 2165 652 2231; x_wconf 88' lang='lat' dir='ltr'>convocati</span> <span class='ocrx_word' id='word_1_167' title='bbox 674 2174 749 2232; x_wconf 92' lang='lat' dir='ltr'>sunt</span> <span class='ocrx_word' id='word_1_168' title='bbox 766 2165 944 2252; x_wconf 78' lang='lat' dir='ltr'>inspiciens,</span> <span class='ocrx_word' id='word_1_169' title='bbox 966 2166 994 2230; x_wconf 88' lang='lat' dir='ltr'>si</span> <span class='ocrx_word' id='word_1_170' title='bbox 1016 2166 1203 2232; x_wconf 87' lang='lat' dir='ltr'>conveniens</span> <span class='ocrx_word' id='word_1_171' title='bbox 1225 2165 1361 2232; x_wconf 84' lang='lat' dir='ltr'>babeant</span> <span class='ocrx_word' id='word_1_172' title='bbox 1383 2165 1474 2230; x_wconf 90' lang='lat' dir='ltr'>indu·</span> 
     </span>
     <span class='ocr_line' id='line_1_19' title="bbox 320 2269 1475 2357; baseline 0.002 -25"><span class='ocrx_word' id='word_1_173' title='bbox 320 2275 470 2346; x_wconf 88' lang='lat' dir='ltr'>mentum,</span> <span class='ocrx_word' id='word_1_174' title='bbox 492 2275 526 2334; x_wconf 90' lang='lat' dir='ltr'>et</span> <span class='ocrx_word' id='word_1_175' title='bbox 543 2289 720 2357; x_wconf 80' lang='lat' dir='ltr'>congruens</span> <span class='ocrx_word' id='word_1_176' title='bbox 748 2269 869 2355; x_wconf 90' lang='lat' dir='ltr'>nuptiis</span> <span class='ocrx_word' id='word_1_177' title='bbox 898 2269 972 2334; x_wconf 90' lang='lat' dir='ltr'>Filii</span> <span class='ocrx_word' id='word_1_178' title='bbox 998 2269 1066 2334; x_wconf 87' lang='lat' dir='ltr'>sui:</span> <span class='ocrx_word' id='word_1_179' title='bbox 1090 2269 1237 2354; x_wconf 87' lang='lat' dir='ltr'>qnoniam</span> <span class='ocrx_word' id='word_1_180' title='bbox 1263 2269 1341 2334; x_wconf 91' lang='lat' dir='ltr'>nihil</span> <span class='ocrx_word' id='word_1_181' title='bbox 1367 2269 1475 2334; x_wconf 90' lang='lat' dir='ltr'>ineon·</span> 
     </span>
     <span class='ocr_line' id='line_1_20' title="bbox 319 2370 1476 2458; baseline 0.003 -23"><span class='ocrx_word' id='word_1_182' title='bbox 319 2370 454 2448; x_wconf 85' lang='lat' dir='ltr'>veniens,</span> <span class='ocrx_word' id='word_1_183' title='bbox 476 2393 577 2458; x_wconf 90' lang='lat' dir='ltr'>neque</span> <span class='ocrx_word' id='word_1_184' title='bbox 598 2371 713 2437; x_wconf 83' lang='lat' dir='ltr'>malum</span> <span class='ocrx_word' id='word_1_185' title='bbox 732 2373 834 2458; x_wconf 89' lang='lat' dir='ltr'>placet</span> <span class='ocrx_word' id='word_1_186' title='bbox 851 2371 891 2438; x_wconf 89' lang='lat' dir='ltr'>ei.</span> <span class='ocrx_word' id='word_1_187' title='bbox 931 2371 1198 2454; x_wconf 72' lang='lat' dir='ltr'>Quemadmodum</span> <span class='ocrx_word' id='word_1_188' title='bbox 1219 2371 1373 2437; x_wconf 87' lang='lat' dir='ltr'>Dominus</span> <span class='ocrx_word' id='word_1_189' title='bbox 1394 2371 1476 2440; x_wconf 84' lang='lat' dir='ltr'>dixit</span> 
     </span>
     <span class='ocr_line' id='line_1_21' title="bbox 319 2473 1478 2562; baseline 0.002 -22"><span class='ocrx_word' id='word_1_190' title='bbox 319 2473 349 2540; x_wconf 89' lang='lat' dir='ltr'>ei</span> <span class='ocrx_word' id='word_1_191' title='bbox 365 2475 418 2562; x_wconf 90' lang='lat' dir='ltr'>qui</span> <span class='ocrx_word' id='word_1_192' title='bbox 433 2484 562 2542; x_wconf 89' lang='lat' dir='ltr'>curatus</span> <span class='ocrx_word' id='word_1_193' title='bbox 576 2477 696 2542; x_wconf 85' lang='lat' dir='ltr'>fuerat:</span> <span class='ocrx_word' id='word_1_194' title='bbox 719 2477 808 2555; x_wconf 85' lang='lat' dir='ltr'>Ecce,</span> <span class='ocrx_word' id='word_1_195' title='bbox 820 2498 914 2542; x_wconf 84' lang='lat' dir='ltr'>sanus</span> <span class='ocrx_word' id='word_1_196' title='bbox 924 2478 1034 2560; x_wconf 79' lang='lat' dir='ltr'>factes</span> <span class='ocrx_word' id='word_1_197' title='bbox 1047 2497 1096 2540; x_wconf 86' lang='lat' dir='ltr'>es:</span> <span class='ocrx_word' id='word_1_198' title='bbox 1113 2475 1185 2560; x_wconf 84' lang='lat' dir='ltr'>jam</span> <span class='ocrx_word' id='word_1_199' title='bbox 1201 2475 1265 2540; x_wconf 84' lang='lat' dir='ltr'>noli</span> <span class='ocrx_word' id='word_1_200' title='bbox 1279 2496 1419 2561; x_wconf 68' lang='lat' dir='ltr'>pennen</span> <span class='ocrx_word' id='word_1_201' title='bbox 1438 2497 1478 2542; x_wconf 80' lang='lat' dir='ltr'>ne</span> 
     </span>
     <span class='ocr_line' id='line_1_22' title="bbox 320 2577 1475 2665; baseline 0.002 -23"><span class='ocrx_word' id='word_1_202' title='bbox 320 2577 399 2664; x_wconf 83' lang='lat' dir='ltr'>qnid</span> <span class='ocrx_word' id='word_1_203' title='bbox 411 2578 547 2644; x_wconf 63' lang='lat' dir='ltr'>Marion</span> <span class='ocrx_word' id='word_1_204' title='bbox 561 2579 697 2661; x_wconf 80' lang='lat' dir='ltr'>tibifict.</span> <span class='ocrx_word' id='word_1_205' title='bbox 743 2579 804 2663; x_wconf 74' lang='lat' dir='ltr'>Qui</span> <span class='ocrx_word' id='word_1_206' title='bbox 819 2579 904 2643; x_wconf 90' lang='lat' dir='ltr'>enim</span> <span class='ocrx_word' id='word_1_207' title='bbox 918 2587 967 2644; x_wconf 89' lang='lat' dir='ltr'>est</span> <span class='ocrx_word' id='word_1_208' title='bbox 981 2580 1091 2656; x_wconf 87' lang='lat' dir='ltr'>bonus,</span> <span class='ocrx_word' id='word_1_209' title='bbox 1106 2587 1139 2643; x_wconf 91' lang='lat' dir='ltr'>et</span> <span class='ocrx_word' id='word_1_210' title='bbox 1150 2580 1265 2665; x_wconf 88' lang='lat' dir='ltr'>justus,</span> <span class='ocrx_word' id='word_1_211' title='bbox 1281 2587 1314 2644; x_wconf 87' lang='lat' dir='ltr'>et</span> <span class='ocrx_word' id='word_1_212' title='bbox 1328 2579 1475 2656; x_wconf 77' lang='lat' dir='ltr'>mundus,</span> 
     </span>
     <span class='ocr_line' id='line_1_23' title="bbox 320 2680 1476 2768; baseline 0.002 -23"><span class='ocrx_word' id='word_1_213' title='bbox 320 2688 354 2745; x_wconf 88' lang='lat' dir='ltr'>et</span> <span class='ocrx_word' id='word_1_214' title='bbox 379 2680 608 2761; x_wconf 80' lang='lat' dir='ltr'>immaculatus,</span> <span class='ocrx_word' id='word_1_215' title='bbox 636 2703 737 2768; x_wconf 89' lang='lat' dir='ltr'>neque</span> <span class='ocrx_word' id='word_1_216' title='bbox 762 2681 879 2746; x_wconf 88' lang='lat' dir='ltr'>malum</span> <span class='ocrx_word' id='word_1_217' title='bbox 902 2681 1028 2767; x_wconf 84' lang='lat' dir='ltr'>aliquid,</span> <span class='ocrx_word' id='word_1_218' title='bbox 1053 2702 1153 2767; x_wconf 89' lang='lat' dir='ltr'>neque</span> <span class='ocrx_word' id='word_1_219' title='bbox 1181 2680 1343 2765; x_wconf 88' lang='lat' dir='ltr'>injustum,</span> <span class='ocrx_word' id='word_1_220' title='bbox 1373 2703 1476 2766; x_wconf 88' lang='lat' dir='ltr'>nsque</span> 
     </span>
     <span class='ocr_line' id='line_1_24' title="bbox 319 2783 1170 2870; baseline 0 -22"><span class='ocrx_word' id='word_1_221' title='bbox 319 2783 560 2848; x_wconf 82' lang='lat' dir='ltr'>abominandum</span> <span class='ocrx_word' id='word_1_222' title='bbox 573 2785 605 2850; x_wconf 94' lang='lat' dir='ltr'>in</span> <span class='ocrx_word' id='word_1_223' title='bbox 620 2806 678 2849; x_wconf 90' lang='lat' dir='ltr'>sno</span> <span class='ocrx_word' id='word_1_224' title='bbox 692 2783 828 2870; x_wconf 73' lang='lat' dir='ltr'>sponsali</span> <span class='ocrx_word' id='word_1_225' title='bbox 843 2783 980 2848; x_wconf 80' lang='lat' dir='ltr'>thalamo</span> <span class='ocrx_word' id='word_1_226' title='bbox 994 2783 1170 2848; x_wconf 87' lang='lat' dir='ltr'>sustinebit.</span> 
     </span>
    </p>

    <p class='ocr_par' dir='ltr' id='par_1_9' title="bbox 320 2885 1573 3283">
     <span class='ocr_line' id='line_1_25' title="bbox 387 2885 1476 2972; baseline 0.003 -23"><span class='ocrx_word' id='word_1_227' title='bbox 387 2891 418 2950; x_wconf 90' lang='lat'>8.</span> <span class='ocrx_word' id='word_1_228' title='bbox 464 2885 526 2950; x_wconf 86' lang='lat' dir='ltr'>Est</span> <span class='ocrx_word' id='word_1_229' title='bbox 546 2893 653 2951; x_wconf 86' lang='lat' dir='ltr'>sutem</span> <span class='ocrx_word' id='word_1_230' title='bbox 678 2886 730 2950; x_wconf 91' lang='lat' dir='ltr'>hic</span> <span class='ocrx_word' id='word_1_231' title='bbox 753 2886 851 2951; x_wconf 87' lang='lat' dir='ltr'>Pater</span> <span class='ocrx_word' id='word_1_232' title='bbox 874 2885 1003 2950; x_wconf 90' lang='lat' dir='ltr'>Domini</span> <span class='ocrx_word' id='word_1_233' title='bbox 1028 2886 1137 2964; x_wconf 88' lang='lat' dir='ltr'>nostri,</span> <span class='ocrx_word' id='word_1_234' title='bbox 1167 2886 1257 2972; x_wconf 88' lang='lat' dir='ltr'>cujus</span> <span class='ocrx_word' id='word_1_235' title='bbox 1281 2885 1476 2972; x_wconf 83' lang='lat' dir='ltr'>providentis</span> 
     </span>
     <span class='ocr_line' id='line_1_26' title="bbox 320 2987 1476 3076; baseline 0.006 -27"><span class='ocrx_word' id='word_1_236' title='bbox 320 2993 466 3050; x_wconf 86' lang='lat' dir='ltr'>constant</span> <span class='ocrx_word' id='word_1_237' title='bbox 494 2987 608 3064; x_wconf 88' lang='lat' dir='ltr'>omnia,</span> <span class='ocrx_word' id='word_1_238' title='bbox 644 2995 678 3053; x_wconf 93' lang='lat' dir='ltr'>et</span> <span class='ocrx_word' id='word_1_239' title='bbox 705 2989 797 3073; x_wconf 85' lang='lat' dir='ltr'>jussu</span> <span class='ocrx_word' id='word_1_240' title='bbox 825 2987 1083 3053; x_wconf 87' lang='lat' dir='ltr'>administrantur</span> <span class='ocrx_word' id='word_1_241' title='bbox 1105 2989 1224 3068; x_wconf 88' lang='lat' dir='ltr'>omnis;</span> <span class='ocrx_word' id='word_1_242' title='bbox 1255 2993 1310 3054; x_wconf 89' lang='lat' dir='ltr'>⁴et</span> <span class='ocrx_word' id='word_1_243' title='bbox 1335 2990 1476 3076; x_wconf 82' lang='lat' dir='ltr'>gratuito</span> 
     </span>
     <span class='ocr_line' id='line_1_27' title="bbox 320 3087 1573 3179; baseline 0.002 -28"><span class='ocrx_word' id='word_1_244' title='bbox 320 3087 445 3172; x_wconf 89' lang='lat' dir='ltr'>quidem</span> <span class='ocrx_word' id='word_1_245' title='bbox 460 3087 557 3154; x_wconf 87' lang='lat' dir='ltr'>donat</span> <span class='ocrx_word' id='word_1_246' title='bbox 571 3089 604 3152; x_wconf 93' lang='lat' dir='ltr'>in</span> <span class='ocrx_word' id='word_1_247' title='bbox 619 3111 697 3173; x_wconf 87' lang='lat' dir='ltr'>quos</span> <span class='ocrx_word' id='word_1_248' title='bbox 712 3097 853 3174; x_wconf 88' lang='lat' dir='ltr'>oportet;</span> <span class='ocrx_word' id='word_1_249' title='bbox 876 3091 1045 3156; x_wconf 87' lang='lat' dir='ltr'>secundum</span> <span class='ocrx_word' id='word_1_250' title='bbox 1068 3099 1175 3156; x_wconf 87' lang='lat' dir='ltr'>autem</span> <span class='ocrx_word' id='word_1_251' title='bbox 1197 3093 1342 3158; x_wconf 89' lang='lat' dir='ltr'>meritum</span> <span class='ocrx_word' id='word_1_252' title='bbox 1357 3092 1475 3179; x_wconf 75' lang='lat' dir='ltr'>dignis</span> <span class='ocrx_word' id='word_1_253' title='bbox 1490 3113 1516 3152; x_wconf 86' lang='lat' dir='ltr'>o.</span> <span class='ocrx_word' id='word_1_254' title='bbox 1527 3115 1573 3158; x_wconf 78' lang='lat' dir='ltr'>ers.</span> 
     </span>
     <span class='ocr_line' id='line_1_28' title="bbox 320 3187 1475 3283; baseline 0.007 -29"><span class='ocrx_word' id='word_1_255' title='bbox 320 3189 399 3254; x_wconf 90' lang='lat' dir='ltr'>sime</span> <span class='ocrx_word' id='word_1_256' title='bbox 418 3187 577 3256; x_wconf 88' lang='lat' dir='ltr'>distribuit</span> <span class='ocrx_word' id='word_1_257' title='bbox 594 3193 742 3257; x_wconf 75' lang='lat' dir='ltr'>adversm</span> <span class='ocrx_word' id='word_1_258' title='bbox 759 3191 900 3278; x_wconf 80' lang='lat' dir='ltr'>ingratos</span> <span class='ocrx_word' id='word_1_259' title='bbox 919 3201 952 3258; x_wconf 90' lang='lat' dir='ltr'>et</span> <span class='ocrx_word' id='word_1_260' title='bbox 969 3217 1032 3259; x_wconf 94' lang='lat' dir='ltr'>non</span> <span class='ocrx_word' id='word_1_261' title='bbox 1054 3195 1227 3260; x_wconf 90' lang='lat' dir='ltr'>sentientes</span> <span class='ocrx_word' id='word_1_262' title='bbox 1247 3195 1475 3283; x_wconf 76' lang='lat' dir='ltr'>benignitatem</span> 
     </span>
    </p>

    <p class='ocr_par' dir='ltr' id='par_1_10' title="bbox 156 3291 1477 4327">
     <span class='ocr_line' id='line_1_29' title="bbox 156 3291 1477 3383; baseline 0.005 -26"><span class='ocrx_word' id='word_1_263' title='bbox 156 3315 306 3360; x_wconf 59' lang='lat' dir='ltr'>renunc.</span> <span class='ocrx_word' id='word_1_264' title='bbox 321 3293 399 3378; x_wconf 87' lang='lat' dir='ltr'>ejus,</span> <span class='ocrx_word' id='word_1_265' title='bbox 419 3291 614 3376; x_wconf 82' lang='lat' dir='ltr'>justissimus</span> <span class='ocrx_word' id='word_1_266' title='bbox 638 3295 824 3364; x_wconf 86' lang='lat' dir='ltr'>retributor:</span> <span class='ocrx_word' id='word_1_267' title='bbox 848 3305 881 3360; x_wconf 92' lang='lat' dir='ltr'>et</span> <span class='ocrx_word' id='word_1_268' title='bbox 907 3305 1071 3383; x_wconf 86' lang='lat' dir='ltr'>propterea</span> <span class='ocrx_word' id='word_1_269' title='bbox 1092 3298 1156 3362; x_wconf 88' lang='lat' dir='ltr'>ait:</span> <span class='ocrx_word' id='word_1_270' title='bbox 1176 3299 1306 3362; x_wconf 81' lang='lat' dir='ltr'>Mittens</span> <span class='ocrx_word' id='word_1_271' title='bbox 1327 3300 1477 3364; x_wconf 68' lang='lat' dir='ltr'>enerdm</span> 
     </span>
     <span class='ocr_line' id='line_1_30' title="bbox 320 3393 1476 3482; baseline 0.006 -24"><span class='ocrx_word' id='word_1_272' title='bbox 320 3415 389 3459; x_wconf 78' lang='lat' dir='ltr'>erno</span> <span class='ocrx_word' id='word_1_273' title='bbox 404 3393 549 3480; x_wconf 70' lang='lat' dir='ltr'>perdidit</span> <span class='ocrx_word' id='word_1_274' title='bbox 563 3396 766 3482; x_wconf 70' lang='lat' dir='ltr'>interfectores</span> <span class='ocrx_word' id='word_1_275' title='bbox 780 3398 857 3477; x_wconf 83' lang='lat' dir='ltr'>illos,</span> <span class='ocrx_word' id='word_1_276' title='bbox 873 3408 901 3464; x_wconf 86' lang='lat' dir='ltr'>et</span> <span class='ocrx_word' id='word_1_277' title='bbox 914 3400 1069 3466; x_wconf 80' lang='lat' dir='ltr'>ciuitatem</span> <span class='ocrx_word' id='word_1_278' title='bbox 1083 3400 1205 3466; x_wconf 69' lang='lat' dir='ltr'>tibrum</span> <span class='ocrx_word' id='word_1_279' title='bbox 1219 3401 1365 3466; x_wconf 73' lang='lat' dir='ltr'>inscendit.</span> <span class='ocrx_word' id='word_1_280' title='bbox 1410 3400 1476 3466; x_wconf 83' lang='lat' dir='ltr'>Ex-</span> 
     </span>
     <span class='ocr_line' id='line_1_31' title="bbox 156 3496 1476 3586; baseline 0.003 -24"><span class='ocrx_word' id='word_1_281' title='bbox 156 3533 189 3572; x_wconf 64' lang='lat' dir='ltr'>p.</span> <span class='ocrx_word' id='word_1_282' title='bbox 199 3532 257 3572; x_wconf 60' lang='lat' dir='ltr'>mu,</span> <span class='ocrx_word' id='word_1_283' title='bbox 268 3533 284 3570; x_wconf 70' lang='grc' dir='ltr'>ι,</span> <span class='ocrx_word' id='word_1_284' title='bbox 321 3496 437 3562; x_wconf 88' lang='lat' dir='ltr'>ercitus</span> <span class='ocrx_word' id='word_1_285' title='bbox 450 3505 557 3562; x_wconf 85' lang='lat' dir='ltr'>autem</span> <span class='ocrx_word' id='word_1_286' title='bbox 571 3499 639 3583; x_wconf 86' lang='lat' dir='ltr'>ejus</span> <span class='ocrx_word' id='word_1_287' title='bbox 654 3499 764 3586; x_wconf 89' lang='lat' dir='ltr'>inquit,</span> <span class='ocrx_word' id='word_1_288' title='bbox 780 3501 853 3586; x_wconf 89' lang='lat' dir='ltr'>quia</span> <span class='ocrx_word' id='word_1_289' title='bbox 867 3521 975 3567; x_wconf 89' lang='lat' dir='ltr'>omnes</span> <span class='ocrx_word' id='word_1_290' title='bbox 989 3502 1131 3568; x_wconf 90' lang='lat' dir='ltr'>homines</span> <span class='ocrx_word' id='word_1_291' title='bbox 1147 3502 1227 3566; x_wconf 88' lang='lat' dir='ltr'>Dei:</span> <span class='ocrx_word' id='word_1_292' title='bbox 1251 3503 1380 3568; x_wconf 67' lang='lat' dir='ltr'>Domim</span> <span class='ocrx_word' id='word_1_293' title='bbox 1395 3503 1476 3568; x_wconf 84' lang='lat' dir='ltr'>enim</span> 
     </span>
     <span class='ocr_line' id='line_1_32' title="bbox 323 3600 1477 3691; baseline 0.003 -25"><span class='ocrx_word' id='word_1_294' title='bbox 323 3611 364 3666; x_wconf 81' lang='lat' dir='ltr'>est</span> <span class='ocrx_word' id='word_1_295' title='bbox 378 3610 474 3678; x_wconf 82' lang='lat' dir='ltr'>terro,</span> <span class='ocrx_word' id='word_1_296' title='bbox 490 3609 518 3666; x_wconf 83' lang='lat' dir='ltr'>et</span> <span class='ocrx_word' id='word_1_297' title='bbox 526 3600 688 3686; x_wconf 79' lang='lat' dir='ltr'>plenitudo</span> <span class='ocrx_word' id='word_1_298' title='bbox 701 3603 774 3687; x_wconf 59' lang='lat' dir='ltr'>nne,</span> <span class='ocrx_word' id='word_1_299' title='bbox 787 3603 1039 3681; x_wconf 69' lang='lat' dir='ltr'>orlistenrnrnm</span> <span class='ocrx_word' id='word_1_300' title='bbox 1053 3614 1081 3669; x_wconf 85' lang='lat' dir='ltr'>et</span> <span class='ocrx_word' id='word_1_301' title='bbox 1094 3625 1193 3670; x_wconf 85' lang='lat' dir='ltr'>omnes</span> <span class='ocrx_word' id='word_1_302' title='bbox 1205 3608 1259 3691; x_wconf 85' lang='lat' dir='ltr'>qni</span> <span class='ocrx_word' id='word_1_303' title='bbox 1273 3605 1428 3670; x_wconf 72' lang='lat' dir='ltr'>nannet</span> <span class='ocrx_word' id='word_1_304' title='bbox 1441 3607 1477 3670; x_wconf 86' lang='lat' dir='ltr'>in</span> 
     </span>
     <span class='ocr_line' id='line_1_33' title="bbox 322 3703 1475 3794; baseline 0.002 -24"><span class='ocrx_word' id='word_1_305' title='bbox 322 3726 370 3772; x_wconf 87' lang='lat' dir='ltr'>ec.</span> <span class='ocrx_word' id='word_1_306' title='bbox 414 3703 459 3770; x_wconf 88' lang='lat' dir='ltr'>Et</span> <span class='ocrx_word' id='word_1_307' title='bbox 473 3712 599 3790; x_wconf 91' lang='lat' dir='ltr'>propter</span> <span class='ocrx_word' id='word_1_308' title='bbox 614 3707 673 3771; x_wconf 91' lang='lat' dir='ltr'>hoc</span> <span class='ocrx_word' id='word_1_309' title='bbox 689 3707 808 3774; x_wconf 87' lang='lat' dir='ltr'>Paulus</span> <span class='ocrx_word' id='word_1_310' title='bbox 824 3707 996 3794; x_wconf 88' lang='lat' dir='ltr'>Apostolus</span> <span class='ocrx_word' id='word_1_311' title='bbox 1011 3707 1043 3770; x_wconf 93' lang='lat' dir='ltr'>in</span> <span class='ocrx_word' id='word_1_312' title='bbox 1063 3713 1120 3772; x_wconf 70' lang='lat' dir='ltr'>⁵eu</span> <span class='ocrx_word' id='word_1_313' title='bbox 1140 3707 1272 3794; x_wconf 81' lang='lat' dir='ltr'>epistole</span> <span class='ocrx_word' id='word_1_314' title='bbox 1287 3730 1357 3794; x_wconf 77' lang='lat' dir='ltr'>quse</span> <span class='ocrx_word' id='word_1_315' title='bbox 1372 3717 1420 3774; x_wconf 85' lang='lat' dir='ltr'>est</span> <span class='ocrx_word' id='word_1_316' title='bbox 1433 3709 1475 3772; x_wconf 86' lang='lat' dir='ltr'>ad</span> 
     </span>
     <span class='ocr_line' id='line_1_34' title="bbox 156 3804 1476 3894; baseline 0.008 -29"><span class='ocrx_word' id='word_1_317' title='bbox 156 3827 270 3867; x_wconf 60' lang='lat' dir='ltr'>noenu.</span> <span class='ocrx_word' id='word_1_318' title='bbox 323 3805 482 3872; x_wconf 81' lang='lat' dir='ltr'>Romanos</span> <span class='ocrx_word' id='word_1_319' title='bbox 503 3804 568 3871; x_wconf 84' lang='lat' dir='ltr'>sit:</span> <span class='ocrx_word' id='word_1_320' title='bbox 599 3807 673 3874; x_wconf 87' lang='lat' dir='ltr'>Non</span> <span class='ocrx_word' id='word_1_321' title='bbox 694 3808 774 3874; x_wconf 83' lang='lat' dir='ltr'>enim</span> <span class='ocrx_word' id='word_1_322' title='bbox 795 3819 838 3874; x_wconf 83' lang='lat' dir='ltr'>eet</span> <span class='ocrx_word' id='word_1_323' title='bbox 856 3818 989 3894; x_wconf 81' lang='lat' dir='ltr'>potestne</span> <span class='ocrx_word' id='word_1_324' title='bbox 1013 3809 1076 3873; x_wconf 84' lang='lat' dir='ltr'>nisi</span> <span class='ocrx_word' id='word_1_325' title='bbox 1100 3831 1121 3872; x_wconf 86' lang='lat' dir='ltr'>a</span> <span class='ocrx_word' id='word_1_326' title='bbox 1150 3809 1226 3876; x_wconf 83' lang='lat' dir='ltr'>Deo.</span> <span class='ocrx_word' id='word_1_327' title='bbox 1274 3809 1349 3888; x_wconf 77' lang='lat' dir='ltr'>Qum</span> <span class='ocrx_word' id='word_1_328' title='bbox 1375 3819 1476 3876; x_wconf 84' lang='lat' dir='ltr'>nutem</span> 
     </span>
     <span class='ocr_line' id='line_1_35' title="bbox 158 3875 1476 4000; baseline 0.004 -25"><span class='ocrx_word' id='word_1_329' title='bbox 158 3875 210 3917; x_wconf 81' lang='lat'>&#39;&#39;⁷&#39;</span> <span class='ocrx_word' id='word_1_330' title='bbox 320 3919 401 3989; x_wconf 73' lang='lat' dir='ltr'>nn,</span> <span class='ocrx_word' id='word_1_331' title='bbox 425 3933 446 3976; x_wconf 77' lang='lat' dir='ltr'>a</span> <span class='ocrx_word' id='word_1_332' title='bbox 472 3910 537 3975; x_wconf 71' lang='lat' dir='ltr'>ne</span> <span class='ocrx_word' id='word_1_333' title='bbox 561 3911 715 3976; x_wconf 65' lang='lat' dir='ltr'>tenne</span> <span class='ocrx_word' id='word_1_334' title='bbox 743 3922 820 3978; x_wconf 70' lang='lat' dir='ltr'>an.</span> <span class='ocrx_word' id='word_1_335' title='bbox 866 3913 978 3998; x_wconf 68' lang='lat' dir='ltr'>Itaque</span> <span class='ocrx_word' id='word_1_336' title='bbox 1007 3913 1061 3997; x_wconf 77' lang='lat' dir='ltr'>qn</span> <span class='ocrx_word' id='word_1_337' title='bbox 1089 3913 1205 3978; x_wconf 73' lang='lat' dir='ltr'>ruere</span> <span class='ocrx_word' id='word_1_338' title='bbox 1227 3915 1382 4000; x_wconf 59' lang='lat' dir='ltr'>menet,</span> <span class='ocrx_word' id='word_1_339' title='bbox 1412 3915 1476 3980; x_wconf 73' lang='lat' dir='ltr'>nn</span> 
     </span>
     <span class='ocr_line' id='line_1_36' title="bbox 320 4011 1476 4100; baseline 0.005 -26"><span class='ocrx_word' id='word_1_340' title='bbox 320 4011 510 4076; x_wconf 74' lang='lat' dir='ltr'>ordirmticni</span> <span class='ocrx_word' id='word_1_341' title='bbox 531 4013 664 4078; x_wconf 73' lang='lat' dir='ltr'>resistit:</span> <span class='ocrx_word' id='word_1_342' title='bbox 694 4015 748 4098; x_wconf 85' lang='lat' dir='ltr'>qni</span> <span class='ocrx_word' id='word_1_343' title='bbox 769 4023 871 4079; x_wconf 84' lang='lat' dir='ltr'>antem</span> <span class='ocrx_word' id='word_1_344' title='bbox 892 4015 1046 4092; x_wconf 70' lang='lat' dir='ltr'>resteterit,</span> <span class='ocrx_word' id='word_1_345' title='bbox 1073 4014 1135 4100; x_wconf 83' lang='lat' dir='ltr'>ipsi</span> <span class='ocrx_word' id='word_1_346' title='bbox 1164 4015 1389 4080; x_wconf 67' lang='lat' dir='ltr'>temtationem</span> <span class='ocrx_word' id='word_1_347' title='bbox 1414 4015 1476 4080; x_wconf 81' lang='lat' dir='ltr'>sibi</span> 
     </span>
     <span class='ocr_line' id='line_1_37' title="bbox 319 4113 1472 4204; baseline 0.004 -28"><span class='ocrx_word' id='word_1_348' title='bbox 319 4115 488 4198; x_wconf 84' lang='lat' dir='ltr'>acquirent.</span> <span class='ocrx_word' id='word_1_349' title='bbox 532 4113 696 4202; x_wconf 71' lang='lat' dir='ltr'>Principes</span> <span class='ocrx_word' id='word_1_350' title='bbox 718 4116 797 4180; x_wconf 83' lang='lat' dir='ltr'>enirn</span> <span class='ocrx_word' id='word_1_351' title='bbox 815 4137 875 4180; x_wconf 86' lang='lat' dir='ltr'>non</span> <span class='ocrx_word' id='word_1_352' title='bbox 896 4125 966 4180; x_wconf 82' lang='lat' dir='ltr'>nmt</span> <span class='ocrx_word' id='word_1_353' title='bbox 987 4117 1090 4182; x_wconf 84' lang='lat' dir='ltr'>timori</span> <span class='ocrx_word' id='word_1_354' title='bbox 1113 4115 1183 4182; x_wconf 81' lang='lat' dir='ltr'>loco</span> <span class='ocrx_word' id='word_1_355' title='bbox 1205 4117 1290 4204; x_wconf 79' lang='lat' dir='ltr'>operi</span> <span class='ocrx_word' id='word_1_356' title='bbox 1310 4117 1364 4182; x_wconf 83' lang='lat' dir='ltr'>sed</span> <span class='ocrx_word' id='word_1_357' title='bbox 1381 4117 1472 4183; x_wconf 76' lang='lat' dir='ltr'>nscio</span> 
     </span>
     <span class='ocr_line' id='line_1_38' title="bbox 369 4256 1472 4327; baseline 0.006 -21"><span class='ocrx_word' id='word_1_358' title='bbox 369 4256 480 4306; x_wconf 72' lang='lat' dir='ltr'>¹teeie</span> <span class='ocrx_word' id='word_1_359' title='bbox 503 4259 560 4308; x_wconf 73' lang='lat' dir='ltr'>nere</span> <span class='ocrx_word' id='word_1_360' title='bbox 580 4261 688 4310; x_wconf 71' lang='lat' dir='ltr'>insunt</span> <span class='ocrx_word' id='word_1_361' title='bbox 708 4262 734 4310; x_wconf 79' lang='lat' dir='ltr'>in</span> <span class='ocrx_word' id='word_1_362' title='bbox 754 4262 870 4322; x_wconf 72' lang='lat' dir='ltr'>chesn,</span> <span class='ocrx_word' id='word_1_363' title='bbox 923 4264 999 4312; x_wconf 75' lang='lat' dir='ltr'>neum</span> <span class='ocrx_word' id='word_1_364' title='bbox 1016 4263 1089 4312; x_wconf 76' lang='lat' dir='ltr'>nato</span> <span class='ocrx_word' id='word_1_365' title='bbox 1105 4262 1221 4324; x_wconf 61' lang='lat' dir='ltr'>metet,</span> <span class='ocrx_word' id='word_1_366' title='bbox 1242 4265 1272 4312; x_wconf 76' lang='lat' dir='ltr'>er.</span> <span class='ocrx_word' id='word_1_367' title='bbox 1292 4264 1361 4314; x_wconf 73' lang='lat' dir='ltr'>nen.</span> <span class='ocrx_word' id='word_1_368' title='bbox 1380 4266 1413 4314; x_wconf 83' lang='lat' dir='ltr'>vi.</span> <span class='ocrx_word' id='word_1_369' title='bbox 1434 4279 1472 4327; x_wconf 64' lang='grc' dir='ltr'>η.</span> 
     </span>
    </p>
   </div>
   <div class='ocr_carea' id='block_1_5' title="bbox 320 4337 1472 4408">
    <p class='ocr_par' dir='ltr' id='par_1_11' title="bbox 320 4337 1472 4408">
     <span class='ocr_line' id='line_1_39' title="bbox 320 4337 1472 4408; baseline 0.009 -23"><span class='ocrx_word' id='word_1_370' title='bbox 320 4337 367 4386; x_wconf 89' lang='lat' dir='ltr'>but</span> <span class='ocrx_word' id='word_1_371' title='bbox 383 4338 426 4386; x_wconf 87' lang='lat' dir='ltr'>the</span> <span class='ocrx_word' id='word_1_372' title='bbox 443 4337 487 4387; x_wconf 78' lang='lat' dir='ltr'>On.</span> <span class='ocrx_word' id='word_1_373' title='bbox 506 4341 556 4388; x_wconf 86' lang='lat' dir='ltr'>and</span> <span class='ocrx_word' id='word_1_374' title='bbox 567 4341 647 4391; x_wconf 83' lang='lat' dir='ltr'>Voss.</span> <span class='ocrx_word' id='word_1_375' title='bbox 664 4341 741 4391; x_wconf 76' lang='lat' dir='ltr'>MSS.</span> <span class='ocrx_word' id='word_1_376' title='bbox 755 4344 855 4392; x_wconf 87' lang='lat' dir='ltr'>omitit.</span> <span class='ocrx_word' id='word_1_377' title='bbox 925 4344 975 4394; x_wconf 78' lang='lat' dir='ltr'>Gn.</span> <span class='ocrx_word' id='word_1_378' title='bbox 987 4346 1027 4392; x_wconf 79' lang='lat' dir='ltr'>rat</span> <span class='ocrx_word' id='word_1_379' title='bbox 1038 4346 1314 4406; x_wconf 65' lang='lat' dir='ltr'>dcpsdnnlnxcplsernc</span> <span class='ocrx_word' id='word_1_380' title='bbox 1323 4345 1472 4408; x_wconf 73' lang='grc' dir='ltr'><strong><em>ἐφόΰςδέον,</em></strong></span> 
     </span>
    </p>
   </div>
   <div class='ocr_carea' id='block_1_6' title="bbox 370 4415 1474 4568">
    <p class='ocr_par' dir='ltr' id='par_1_12' title="bbox 370 4415 1474 4568">
     <span class='ocr_line' id='line_1_40' title="bbox 370 4415 1474 4490; baseline 0.012 -25"><span class='ocrx_word' id='word_1_381' title='bbox 370 4415 483 4478; x_wconf 46' lang='lat' dir='ltr'>’acia</span> <span class='ocrx_word' id='word_1_382' title='bbox 500 4434 556 4484; x_wconf 84' lang='lat'><strong>419,</strong></span> <span class='ocrx_word' id='word_1_383' title='bbox 570 4421 602 4470; x_wconf 82' lang='lat' dir='ltr'>G.</span> <span class='ocrx_word' id='word_1_384' title='bbox 923 4426 978 4474; x_wconf 81' lang='grc' dir='ltr'>κατ’</span> <span class='ocrx_word' id='word_1_385' title='bbox 991 4427 1058 4486; x_wconf 68' lang='grc' dir='ltr'>ἀξίαν</span> <span class='ocrx_word' id='word_1_386' title='bbox 1069 4428 1096 4474; x_wconf 77' lang='grc' dir='ltr'>δὲ</span> <span class='ocrx_word' id='word_1_387' title='bbox 1107 4427 1199 4475; x_wconf 62' lang='grc' dir='ltr'><strong><em>ἐνδίκως</em></strong></span> <span class='ocrx_word' id='word_1_388' title='bbox 1213 4428 1353 4476; x_wconf 77' lang='lat' dir='ltr'>drcdtdorcr</span> <span class='ocrx_word' id='word_1_389' title='bbox 1366 4425 1474 4490; x_wconf 70' lang='lat' dir='ltr'>dr&#39;dxa·</span> 
     </span>
     <span class='ocr_line' id='line_1_41' title="bbox 371 4496 1116 4568; baseline 0.012 -23"><span class='ocrx_word' id='word_1_390' title='bbox 371 4496 382 4529; x_wconf 81' lang='lat'><strong>³</strong></span> <span class='ocrx_word' id='word_1_391' title='bbox 398 4499 450 4546; x_wconf 78' lang='lat' dir='ltr'>As.</span> <span class='ocrx_word' id='word_1_392' title='bbox 463 4499 553 4548; x_wconf 87' lang='lat' dir='ltr'>inserts</span> <span class='ocrx_word' id='word_1_393' title='bbox 564 4508 650 4562; x_wconf 65' lang='lat' dir='ltr'>swern,</span> <span class='ocrx_word' id='word_1_394' title='bbox 664 4519 724 4562; x_wconf 80' lang='lat' dir='ltr'>cern,</span> <span class='ocrx_word' id='word_1_395' title='bbox 739 4503 842 4566; x_wconf 74' lang='lat' dir='ltr'>quidem.</span> <span class='ocrx_word' id='word_1_396' title='bbox 921 4507 1023 4568; x_wconf 77' lang='lat' dir='ltr'>ple-rous.</span> <span class='ocrx_word' id='word_1_397' title='bbox 1038 4509 1116 4556; x_wconf 80' lang='grc' dir='ltr'>κ.τ.λ.</span> 
     </span>
    </p>
   </div>
   <div class='ocr_carea' id='block_1_7' title="bbox 371 4580 1403 4648">
    <p class='ocr_par' dir='ltr' id='par_1_13' title="bbox 371 4580 1403 4648">
     <span class='ocr_line' id='line_1_42' title="bbox 371 4580 1403 4648; baseline 0.013 -23"><span class='ocrx_word' id='word_1_398' title='bbox 371 4580 382 4608; x_wconf 85' lang='lat'>⁴</span> <span class='ocrx_word' id='word_1_399' title='bbox 399 4580 463 4626; x_wconf 86' lang='lat' dir='ltr'>Nota</span> <span class='ocrx_word' id='word_1_400' title='bbox 474 4581 612 4642; x_wconf 78' lang='lat' dir='ltr'>gratuitum</span> <span class='ocrx_word' id='word_1_401' title='bbox 628 4583 720 4632; x_wconf 87' lang='lat' dir='ltr'>donum</span> <span class='ocrx_word' id='word_1_402' title='bbox 735 4585 809 4644; x_wconf 82' lang='lat' dir='ltr'>bonis,</span> <span class='ocrx_word' id='word_1_403' title='bbox 824 4602 873 4632; x_wconf 89' lang='lat' dir='ltr'>ms·</span> <span class='ocrx_word' id='word_1_404' title='bbox 971 4588 982 4619; x_wconf 80' lang='lat'>⁵</span> <span class='ocrx_word' id='word_1_405' title='bbox 998 4589 1048 4638; x_wconf 80' lang='lat' dir='ltr'>An.</span> <span class='ocrx_word' id='word_1_406' title='bbox 1063 4587 1208 4648; x_wconf 63' lang='lat' dir='ltr'>introibant,</span> <span class='ocrx_word' id='word_1_407' title='bbox 1221 4590 1271 4637; x_wconf 82' lang='lat' dir='ltr'>and</span> <span class='ocrx_word' id='word_1_408' title='bbox 1282 4591 1356 4638; x_wconf 85' lang='lat' dir='ltr'>omits</span> <span class='ocrx_word' id='word_1_409' title='bbox 1368 4607 1403 4639; x_wconf 86' lang='lat' dir='ltr'>en.</span> 
     </span>
    </p>
   </div>
   <div class='ocr_carea' id='block_1_8' title="bbox 0 0 1642 5086">
    <p class='ocr_par' dir='ltr' id='par_1_14' title="bbox 0 0 1642 5086">
     <span class='ocr_line' id='line_1_43' title="bbox 0 0 1642 5086; baseline 0 1"><span class='ocrx_word' id='word_1_410' title='bbox 0 0 1642 5086; x_wconf 95' lang='lat' dir='ltr'> </span> 
     </span>
    </p>
   </div>
  </div>
 </body>
</html>
