3334 5070
306 362 372 427 158
620 369 697 442 NON
724 373 984 427 coenosorum
1010 371 1134 425 PATER

142 548 294 592 mattam.

142 597 188 636 GR
197 594 236 634 tv.
245 593 292 633 xiv,

157 639 286 726 app.
793 651 894 716 ona.
918 649 985 715 xi.

311 799 413 892 Quid
429 813 479 876 cst
496 797 593 898 quod
609 823 711 873 neoto
730 795 906 894 copuoscit
928 797 1085 869 Putrem
1107 795 1182 869 uisi
1196 793 1326 886 Filium,
1347 806 1378 867 ct
1391 819 1463 892 per

500 929 584 1015 quot
600 914 802 990 occasiones
816 914 948 988 revelat
964 913 1086 988 Filius
1102 913 1268 987 Putrem.

377 1101 406 1162 1.
451 1097 616 1162 Donamus
632 1095 716 1160 onim
730 1095 897 1161 ostendens
911 1094 1113 1180 semetipsum
1133 1093 1303 1180 discipulis,
1317 1094 1464 1180 quoniam

310 1200 377 1286 ipse
399 1208 449 1264 est
462 1199 615 1277 Verbum,
636 1199 689 1283 qui
705 1197 897 1284 agnitionem
913 1197 1019 1262 Patris
1033 1197 1117 1275 facit,
1132 1205 1166 1262 et
1181 1197 1390 1282 ¹exprobrans
1404 1195 1429 1259 J
1431 1218 1464 1259 u-

310 1305 389 1368 doeis
408 1303 590 1388 putantibus
613 1323 648 1366 se
669 1301 783 1366 hebere
807 1300 921 1378 Deum,
943 1321 1015 1364 cum
1036 1308 1069 1364 ct
1092 1300 1301 1365 ²frustrentur
1325 1299 1466 1363 Verbum

150 1425 287 1514 ΜΨ
311 1406 389 1491 ejus,
404 1427 460 1490 per
475 1426 568 1492 quem
582 1403 780 1491 cognoscitur
799 1403 898 1481 Deus,
914 1402 1055 1468 dicebat:
1076 1403 1173 1467 Nem
1187 1403 1330 1488 copuoecit
1343 1402 1466 1466 Filium

312 1511 373 1574 uisi
386 1509 496 1587 Pater,
512 1529 606 1593 neque
620 1508 751 1570 Putrem
766 1507 835 1592 quis
847 1508 990 1592 copuoscit
1007 1507 1067 1570 uisi
1080 1507 1194 1584 Filius,
1211 1515 1239 1570 et
1257 1507 1307 1569 oui
1321 1505 1467 1569 uoluere

311 1611 418 1678 attius
437 1611 583 1676 revetere.
621 1609 675 1674 Sic
695 1617 727 1674 et
746 1609 921 1674 Mattbaeus
937 1610 1051 1695 posuit,
1070 1617 1103 1674 et
1125 1609 1228 1674 Lucas
1243 1609 1394 1686 similiter,
1416 1611 1466 1671 ⁴et
1481 1618 1508 1657 ⁰·
1517 1619 1562 1657 ³⁰⁰·

314 1713 444 1778 Marcus
461 1713 543 1778 idem
561 1713 681 1797 ipsum:
707 1711 731 1775 J
733 1711 871 1776 ohannes
888 1711 971 1776 enim
991 1713 1129 1797 praetcrit
1148 1711 1251 1776 locum
1269 1711 1362 1775 hunc.
1399 1709 1465 1773 ὅΗὶ

312 1823 418 1880 autem
433 1815 486 1901 qui
503 1814 667 1900 peritiores
686 1813 850 1899 Apostolis
866 1813 973 1877 volunt
987 1835 1067 1886 csse,
1086 1813 1131 1877 sic
1151 1813 1349 1877 describunt:
1373 1815 1467 1876 Nemo

314 1918 446 2003 copmoit
460 1919 591 1982 Putrem
605 1917 666 1981 uisi
684 1916 798 1994 Filius,
814 1937 867 1979 uec
884 1915 1007 1978 Filium
1025 1917 1087 1978 uisi
1101 1915 1210 1992 Pater,
1232 1922 1259 1976 ot
1274 1915 1325 1977 oui
1339 1912 1468 1976 coluerit

313 2018 419 2083 Filius
433 2018 585 2092 rusclum,-
609 2026 641 2082 et
656 2019 907 2100 interpretantur,
928 2016 1017 2100 quasi
1031 2038 1052 2080 a
1066 2017 1149 2081 nullo
1164 2015 1308 2102 cognitus
1322 2015 1364 2079 sit
1378 2033 1468 2079 verus

315 2119 405 2184 Deus
418 2128 491 2184 ants
507 2119 635 2185 Domini
652 2120 750 2184 nostri
771 2119 957 2183 adventum:
982 2127 1100 2183 etcum
1116 2119 1221 2184 Deum
1236 2119 1288 2206 qui
1304 2140 1324 2183 a
1338 2117 1468 2204 prophe-

314 2221 358 2286 tis
377 2223 419 2286 sit
445 2221 657 2299 annuntiatus,
681 2221 790 2286 dicunt
810 2243 874 2285 non
902 2241 970 2286 esse
994 2221 1123 2285 Patrem
1144 2221 1272 2286 Christi.
1307 2219 1341 2284 Si
1363 2225 1469 2283 autem

316 2323 459 2390 Christus
478 2332 554 2389 tunc
569 2323 726 2388 inchoavit
751 2343 829 2400 esse,
852 2322 975 2406 quando
994 2329 1028 2387 et
1046 2323 1217 2387 secundum
1237 2322 1394 2387 hominem
1416 2319 1470 2384 ed·

315 2437 442 2493 ventum
463 2448 554 2492 suum
575 2427 651 2513 egit,
675 2433 708 2491 et
729 2448 749 2490 a
769 2426 960 2511 temporibus
985 2425 1101 2489 Tiberii
1125 2425 1259 2490 (iaesaris
1284 2444 1469 2489 commemo-

316 2539 404 2596 ratus
417 2537 467 2594 cst
482 2530 580 2594 Pater
596 2529 755 2615 providere
770 2527 956 2606 hominibus,
976 2535 1009 2594 et
1023 2549 1086 2592 non
1105 2548 1228 2612 semper
1246 2526 1386 2590 Verbum
1402 2526 1471 2611 ejus

317 2654 465 2698 unacum
479 2631 631 2717 plasmate
650 2631 745 2694 fuisse
765 2630 1004 2706 ostendebatur;
1028 2651 1086 2695 nec
1100 2639 1175 2695 tunc
1190 2629 1314 2717 quidem
1333 2628 1470 2714 oportuit

316 2736 448 2801 alterum
463 2733 567 2798 Deum
578 2732 764 2810 annuntiari,
779 2732 835 2797 sed
849 2753 959 2797 causas
973 2740 1071 2798 tentes
1087 2733 1213 2798 incuriae
1225 2739 1258 2798 et
1272 2731 1470 2819 negligentias

318 2839 386 2924 ejus
397 2836 520 2922 inquiri.
558 2835 684 2900 Nullam
698 2835 782 2901 enim
796 2844 919 2922 oportet
933 2839 1136 2924 quaestionem
1152 2838 1247 2904 talem
1261 2860 1339 2917 esse,
1355 2847 1387 2902 et
1401 2844 1470 2901 tan-

318 2948 387 3003 tum
402 2937 597 3017 invalesoere,
612 2946 648 3003 ut
663 2946 695 3003 et
713 2939 818 3003 Deum
832 2939 957 3025 quidem
974 2947 1085 3019 mutet,
1106 2949 1140 3006 et
1156 2961 1227 3006 eam
1242 2963 1311 3027 quse
1329 2947 1378 3005 est
1397 2961 1472 3026 erga

319 3041 545 3120 fabricatorem,
568 3040 635 3126 qui,
646 3063 704 3106 nos
723 3040 779 3106 alit
798 3063 853 3126 per
872 3063 961 3107 suam
980 3043 1200 3122 conditionem,
1220 3043 1315 3108 fldem
1331 3048 1470 3108 nostrum

320 3153 459 3211 evacuet.
494 3143 582 3210 Sicut
594 3145 677 3210 enim
697 3146 730 3209 in
743 3145 859 3210 Filium
874 3146 968 3211 fldem
980 3152 1119 3211 nostram
1133 3145 1306 3233 dirigimus,
1326 3146 1419 3210 sicet
1438 3143 1471 3208 in

320 3247 450 3313 Patrem
464 3247 659 3312 dilectionem
674 3248 796 3313 firmam
810 3255 843 3313 et
857 3248 1046 3314 immobilem
1060 3249 1175 3314 habere
1189 3249 1348 3315 debemus.

158 3453 303 3546 pappus.
401 3443 433 3491 2.
485 3421 556 3494 Καὶ
584 3429 690 3502 καλῶς
722 3423 900 3502 Ἰουστῖνος
928 3425 961 3494 ἕν
989 3427 1038 3516 τῷ
1061 3419 1164 3524 ὁπρός
1190 3425 1371 3524 Μαρκίωνα
1397 3457 1472 3496 συν.

387 3595 419 3659 2.
457 3593 503 3659 Et
522 3595 601 3661 bene
620 3595 768 3662 Justinus
789 3597 823 3660 in
842 3617 880 3662 eo
894 3596 972 3661 libro
994 3597 1046 3684 qui
1068 3603 1117 3662 est
1135 3596 1176 3660 ad
1196 3595 1389 3662 Marcionem
1406 3595 1470 3660 ait:

322 3764 443 3826 domimus,
468 3765 508 3814 ior
535 3765 707 3814 Eusussmos
734 3782 799 3830 says,
829 3767 875 3814 Τὸν
923 3763 1155 3814 lentforcsewmr.

319 3847 446 3908 Ἠρακλῆν
457 3853 519 3909 φασι
534 3848 597 3896 κατὰ
612 3849 656 3906 τὴν
673 3847 814 3908 Αἰγυπτίαν
825 3846 874 3894 διά·
972 3845 983 3876 ⁸
1001 3846 1045 3894 Sec
1056 3863 1080 3910 p.
1097 3843 1150 3907 162,
1163 3864 1189 3897 u.
1203 3864 1223 3898 1.

321 3931 409 3977 λεκτον
420 3929 513 3977 ΚΩΝΑ
524 3930 649 3990 λέγεσθαι.
680 3927 707 3975 It
720 3943 779 3990 may
790 3927 821 3974 bs
834 3927 875 3974 ob·
972 3925 983 3956 ⁴
1000 3927 1055 3975 Not
1065 3943 1122 3976 now
1132 3929 1192 3976 read
1203 3930 1228 3978 in
1242 3929 1266 3980 S.
1280 3931 1365 3980 Mark.

322 4009 409 4059 served
420 4007 774 4070 also,thatintthtym.M.
791 4007 876 4057 war
973 4005 1047 4058 ¹⁵See
1058 4023 1076 4058 1.
1090 4009 1130 4073 67.

321 4091 343 4140 is
365 4107 381 4140 a
398 4106 523 4156 synonym
542 4091 570 4138 of
590 4090 723 4149 Δεσπότης,
744 4105 772 4137 us
790 4089 876 4138 Κοινὸς
972 4089 1062 4154 θπρὸς,
1077 4099 1166 4141 contre.
1186 4093 1313 4154 Prionos,
1324 4107 1376 4156 125,
1392 4096 1476 4144 makes

318 4173 415 4234 Ἑρμῆς.
444 4172 594 4235 Altogethcr
604 4187 651 4220 our
661 4170 692 4220 E.
702 4169 736 4220 V.
750 4183 872 4233 possessor,
924 4173 1034 4220 mention
1055 4173 1084 4222 oi
1097 4174 1218 4223 Jusuns’s
1235 4175 1305 4234 λόγοι
1325 4176 1389 4224 κατὰ
1408 4175 1476 4236 Μαρ·

321 4252 395 4301 issar
407 4267 474 4300 more
485 4251 641 4316 satisfactory
652 4252 714 4301 than
728 4251 772 4300 tho
785 4251 875 4301 Lxx.
925 4253 1012 4302 κίωνος.
1041 4253 1101 4303 This
1119 4254 1214 4303 dictum
1230 4255 1274 4302 has
1294 4270 1310 4302 a
1326 4254 1428 4319 parallel
1450 4255 1475 4303 in

322 4331 348 4381 tr
366 4331 454 4380 ἔκτισε.
488 4331 541 4380 'Ibe
552 4332 640 4384 Ohald.
653 4347 745 4396 agrees,
765 4331 875 4408 it'ssip'z']
924 4333 1118 4382 murotenus
1129 4333 1228 4382 Dur-sci
1239 4349 1289 4382 non
1299 4349 1363 4383 unm
1376 4342 1415 4396 est,
1429 4351 1477 4385 nou

321 4411 520 4474 cujuspcrseario.
925 4421 1012 4470 est...,·
1039 4414 1089 4462 and
1110 4414 1179 4462 Aue.
1204 4413 1336 4478 Euonpelio
1357 4431 1407 4464 rum
1429 4432 1476 4465 crc-

371 4487 382 4518 1
400 4487 554 4548 (insitione,
568 4503 594 4536 ec
604 4487 732 4550 probrum.
925 4491 1012 4553 dorem
1025 4491 1075 4540 uisi
1090 4507 1126 4540 nte
1143 4491 1272 4542 catholice
1288 4495 1399 4546 Ecclesia
1415 4513 1476 4547 ccm-

320 4583 324 4590 ·
371 4565 436 4616 'As
450 4567 560 4618 Burrus
576 4573 698 4631 suggests,
715 4569 759 4618 tho
772 4571 870 4633 equive.-
921 4579 1019 4621 moueret
1030 4571 1166 4621 auctorum.
1196 4589 1215 4623 c.
1228 4574 1274 4640 Ep.
1288 4575 1399 4630 Mantele.
1412 4577 1435 4630 6.
