3292 5068
649 409 823 464 ROMANA.
1272 401 1312 464 ll

160 567 340 640 ιἰνιινεοῦσα
358 571 418 652 τήν
436 569 554 642 πίστιν
573 571 687 654 αὐτῶν,
707 571 762 642 καὶ
783 565 1110 678 ι[άνογγέλλονιια]
1134 573 1170 658 ἢν
1196 575 1313 648 νεωστὶ
1350 589 1451 676 1121211211

161 679 230 753 άπδ
248 686 315 754 τῶν
329 681 561 755 Ἀτοστόλων
580 680 769 782 παράδοσιν
788 687 970 785 εἰλήφει
1335 683 1472 772 ffisgllffli·

1376 777 1405 816 lll.
1415 777 1434 816 d

1329 853 1480 864 μ--σ-ο

158 909 347 974 annuntians
366 932 460 997 quam
488 911 521 976 in
543 911 659 978 recenti
679 914 721 978 ab
740 913 903 999 Apostolis
921 921 1084 1000 acceperat
1103 914 1313 996 traditionem,
1326 939 1356 1022 ρ.

158 1014 397 1080 annuntiantem
408 1037 505 1080 unum
518 1015 622 1082 Deum
634 1017 904 1102 ²omnipotentem,
920 1018 1069 1084 factorem
1083 1017 1153 1082 coeli
1168 1025 1201 1084 et
1212 1027 1312 1096 terroe,
1327 985 1356 1115 f}
1365 1030 1395 1074 ⁴⁷·

158 1115 378 1202 plasmatorem
392 1119 545 1197 hominis,
566 1119 618 1208 qui
637 1119 792 1185 induxerit
812 1121 1043 1206 cataclysmum,
1066 1130 1099 1186 et
1120 1121 1314 1188 advocaverit
1326 1127 1356 1208 {⁴²

160 1217 334 1297 Abraham,
350 1219 403 1306 qui
417 1219 559 1285 eduxerit
574 1221 722 1307 populum
745 1221 784 1286 de
806 1231 889 1286 terra
905 1223 1051 1309 AEgypti,
1074 1223 1126 1310 qui
1145 1224 1315 1290 collocutus
1329 1217 1357 1307 ll:
1366 1217 1397 1302 ll·

159 1320 202 1386 sit
218 1321 334 1408 Moysi,
359 1323 412 1410 qui
432 1323 532 1409 legem
547 1324 743 1410 disposuerit,
761 1333 794 1389 et
812 1325 979 1411 prophetas
998 1327 1127 1406 miserit,
1143 1328 1195 1416 qui
1211 1329 1317 1416 ignem

159 1425 379 1512 praeparaverit
408 1425 530 1492 diabolo
559 1435 592 1492 et
620 1427 739 1513 angelis
766 1425 843 1512 ejus.
906 1427 1003 1493 Hunc
1029 1428 1159 1494 Patrem
1188 1431 1315 1495 Domini
1329 1455 1359 1494 aa.

160 1527 259 1592 nostri
274 1527 298 1592 J
299 1549 355 1592 esu
368 1527 484 1593 Christi
498 1530 539 1594 ab
561 1529 698 1596 ecclesiis
712 1529 898 1608 annrmtiari,
923 1552 963 1594 ex
987 1531 1055 1616 ipsa
1068 1532 1247 1618 ³soriptura,
1264 1533 1315 1620 qni

160 1629 257 1694 velint
279 1630 398 1696 discere
412 1639 552 1716 possunt,
569 1641 601 1696 et
615 1631 818 1718 apostolicam
834 1631 984 1698 Ecclesiae
1005 1633 1203 1699 traditionem
1226 1637 1317 1702 intel·
1329 1662 1358 1700 α.

161 1731 267 1819 ligere,
301 1755 372 1797 cum
397 1733 439 1796 sit
462 1733 612 1799 vetustior
635 1734 766 1819 epistola
788 1734 837 1798 his
859 1735 911 1824 qui
934 1757 1016 1800 nunc
1038 1735 1116 1801 salso
1138 1737 1261 1818 docent,
1284 1749 1317 1806 et

161 1833 295 1900 alterum
310 1833 414 1900 Deum
429 1857 522 1921 super
538 1835 743 1924 Demiurgum
758 1846 790 1904 et
805 1838 954 1904 factorem
969 1838 1080 1904 horum
1095 1840 1234 1906 omnium
1247 1865 1318 1930 quae

162 1943 237 2002 sunt
250 1936 523 2005 commentiuntur.

59 2187 138 2226 nm
244 2169 276 2236 3.
329 2147 401 2220 Τόν
436 2147 471 2219 δὲ
504 2148 688 2232 Κλήμεντά
720 2155 844 2222 τοῦτον
887 2147 1075 2248 διαδέχεται
1106 2149 1314 2252 Εὐάρεστος·

162 2261 217 2332 καὶ
247 2259 308 2334 τδν
333 2259 533 2360 Εὐάρεστον
553 2259 786 2362 Ἀλέξανδρος·
828 2263 885 2335 εἷθ’
910 2261 1011 2342 οὕτως
1033 2265 1128 2342 ἕκτος
1157 2264 1226 2336 dard
1251 2270 1317 2338 τῶν

165 2375 394 2448 Ἀποστόλων
426 2375 630 2448 καθίσταται
664 2371 806 2453 Ξόστος·
848 2375 934 2460 μετὰ
968 2375 1003 2446 δέ
1033 2383 1157 2449 τοῦτον
1186 2377 1317 2448 Τελεσ-

164 2489 281 2589 φόρος,
311 2487 346 2564 do
373 2487 427 2558 xci
459 2484 594 2582 ἐνδόξως
624 2489 858 2587 ἐμαρτύρησεν·
898 2490 1014 2561 ἔπειτα
1046 2491 1209 2582 “lynce
1242 2489 1315 2563 elo-o

164 2601 262 2678 Πῖος·
296 2603 370 2686 μεθ’
401 2601 438 2672 ὃν
468 2599 653 2684 Ἀνίκητος·
692 2599 922 2694 διαδεξαμένου
953 2601 1015 2674 τὸν
1041 2601 1218 2686 Ἀνέκητον
1245 2603 1317 2674 Σω-

164 2721 272 2814 τῆρος,
295 2719 345 2784 νῦν
364 2711 532 2804 δωδεκάτῳ
551 2714 648 2804 τόπῳ
665 2711 727 2785 τδν
745 2716 804 2797 τῆς
823 2716 1005 2798 ἐπισκοπῆς
1028 2713 1097 2787 dard
1122 2721 1188 2787 τῶν
1205 2716 1317 2788 Ἀπο-

163 2829 300 2899 στόλων
323 2827 458 2923 κατέχει
483 2832 605 2925 κλῆρον
629 2826 838 2925 Ἐλεύθερος.
886 2828 940 2921 Τῇ
963 2829 1048 2921 αὐτῇ
1070 2826 1165 2924 τάξει
1191 2830 1245 2900 καὶ
1271 2834 1316 2924 τῇ

164 2940 252 3035 αὐτῇ
285 2938 409 3038 διδαχῇ
442 2934 624 3048 [διαδοχῇ]
657 2938 677 3022 ἥ
704 2972 744 3012 τε
773 2939 843 3012 άπὸ
875 2945 941 3013 τῶν
975 2943 1181 3014 ἀποστόλων
1214 2944 1247 3014 ἕν
1273 2951 1321 3038 τῇ

228 3193 258 3256 3.
305 3190 392 3255 Huic
414 3197 520 3254 autem
551 3189 703 3256 (ilemeuti
733 3189 872 3256 succedit
902 3189 1077 3270 Enaristus,
1107 3201 1140 3258 et
1170 3191 1318 3260 Ennristo

163 3292 353 3371 Alexander,
368 3316 406 3358 ac
421 3293 566 3380 deinceps
580 3301 689 3359 sextus
702 3293 745 3358 ab
757 3293 920 3379 Apostolis
930 3295 1118 3360 constitutus
1133 3304 1181 3362 est
1198 3295 1317 3378 sixtus,

161 3404 196 3461 et
209 3395 320 3462 abhoc
333 3395 551 3481 Telesphorus,
567 3395 619 3480 qui
634 3393 728 3462 etiam
740 3394 960 3482 gloriosissime
977 3397 1158 3484 martyrium
1175 3399 1263 3464 iecit:
1280 3422 1318 3465 ac

162 3498 308 3585 deinceps
327 3497 486 3586 Hyginus,
508 3507 580 3584 post
598 3499 684 3577 Pius,
704 3507 775 3584 post
794 3522 887 3584 quem
905 3500 1070 3567 Anicetus.
1114 3502 1194 3567 (lum
1211 3511 1318 3568 autem

161 3601 362 3667 successisset
379 3601 518 3666 Aniceto
535 3600 636 3680 Soter,
652 3623 735 3665 nunc
753 3601 936 3666 duodecimo
953 3602 1022 3667 looo
1038 3601 1263 3690 Episcopatnm
1277 3607 1318 3670 ab

162 3703 325 3792 Apostolis
343 3705 439 3770 habet
457 3703 667 3769 Eleutherius.
713 3703 786 3770 Hac
804 3703 997 3769 ordinatione
1015 3715 1048 3770 et
1064 3706 1260 3772 successione
1281 3729 1319 3772 ea

161 3830 232 3892 quae
254 3816 304 3874 est
322 3810 363 3872 ab
380 3803 542 3893 Apostolis
556 3805 589 3870 in
602 3804 744 3872 Ecclesia
760 3806 887 3871 traditio
903 3799 936 3872 et
952 3806 1093 3872 veritatis
1112 3809 1318 3892 lpraeconatio

161 3910 300 3997 pervenit
314 3933 412 3996 usque
426 3910 467 3976 ad
481 3932 549 3976 nos.
595 3909 640 3974 Et
659 3917 708 3974 est
725 3907 905 3996 plenissima
922 3909 991 3974 haec
1009 3908 1267 3988 ostensionum
1285 3923 1318 3978 et

210 4151 220 4184 ¹
238 4149 600 4214 droyylhhonouisindicated,
614 4165 642 4198 as
657 4149 716 4198 hav·
766 4145 848 4195 Gnate.
871 4145 952 4206 Rom,
969 4145 1012 4194 the
1031 4145 1131 4194 various
1152 4145 1269 4197 allusione
1292 4154 1319 4199 to

160 4233 205 4298 ing
215 4234 277 4283 been
289 4235 315 4282 in
327 4233 369 4282 the
381 4239 448 4282 texta
465 4231 525 4282 used
536 4233 571 4296 by
581 4231 624 4280 the
636 4236 715 4284 traus-
765 4227 846 4276 which
864 4243 906 4276 are
925 4225 1001 4274 noted
1020 4227 1047 4274 in
1067 4226 1109 4276 the
1126 4229 1231 4292 margin.
1265 4231 1318 4280 The

159 4315 265 4364 latores
278 4315 412 4376 Iasxaus,
426 4313 476 4362 and
487 4313 521 4377 by
533 4313 673 4361 Rusrrxus
689 4313 716 4362 in
766 4309 863 4374 Epistle
882 4309 903 4358 is
921 4309 1001 4358 found
1017 4309 1043 4358 in
1061 4309 1119 4360 Vol.
1134 4323 1174 4360 111.
1193 4328 1217 4376 p.
1233 4313 1272 4378 89,
1292 4315 1322 4363 of

159 4396 291 4460 rendering
302 4397 371 4446 these
382 4395 463 4446 words
475 4395 503 4444 of
513 4394 656 4444 suemus.
765 4393 808 4442 the
819 4391 918 4442 editor's
932 4391 1025 4442 vinda
1037 4391 1107 4442 cart.
1130 4393 1183 4442 The
1194 4394 1283 4444 Pastor
1293 4398 1322 4446 oi

208 4477 221 4509 ¹
236 4478 289 4528 The
301 4479 398 4527 Omra.
412 4478 462 4527 and
473 4477 553 4526 Voss,
566 4475 716 4526 nassonia
765 4478 874 4528 Hermas
885 4479 906 4527 is
918 4477 1132 4543 styledrlypcori.
1156 4492 1193 4530 lv.
1207 4482 1292 4530 xxxiv.

159 4558 348 4622 omnipotentem.
814 4557 825 4591 ⁴
842 4559 887 4608 See
899 4559 957 4608 Vol.
972 4573 989 4608 1.
1003 4577 1026 4623 p.
1041 4574 1096 4619 ιιι,
1110 4576 1134 4608 n.
1148 4575 1170 4610 ι.

208 4641 372 4706 ⁸80riptura,
393 4641 496 4704 writiny,
516 4641 531 4690 i.
541 4657 561 4690 e.
577 4639 673 4704 Epistlc
689 4641 717 4688 ol
814 4639 887 4692 ³Soc
899 4641 956 4690 Vol.
971 4654 988 4691 1.
1001 4659 1026 4705 p.
1041 4652 1080 4706 97,
1096 4657 1120 4690 n.
1132 4656 1154 4690 a.
