3276 5086
578 353 647 416 om
672 354 815 409 ocutos
840 355 959 409 snum.
1269 337 1336 408 367

181 523 358 574 memorans
380 510 467 572 ¹eum
489 528 584 594 opera
604 530 671 588 sua,
694 509 727 574 in
746 511 859 597 quibus
878 509 995 598 degens
1014 509 1216 576 absconditus
1233 509 1337 576 fuerat
1375 525 1471 612 mppr.

181 609 330 676 Domino.
375 611 643 693 Quemadmodum
663 613 764 678 ²enim
782 619 858 679 tuno
876 614 917 678 ad
939 614 1044 680 Adam
1065 635 1194 699 vespere
1214 613 1337 680 loeutus
1355 618 1491 706 ‘ms-fvt}

181 721 230 778 est
247 711 414 798 exquirens
431 712 518 778 illum
537 714 639 790 Deus;
667 715 730 781 ²sie
749 715 782 780 in
801 716 975 782 novimimis
991 715 1181 804 temporibus
1195 737 1251 802 per
1264 736 1337 782 ean-
1391 721 1427 750 ¹¹·
1436 712 1456 751 ⁴·

181 813 253 878 dem
267 836 375 881 vocem
388 816 524 884 visitavit
538 817 702 905 exquirens
715 840 815 906 genus
829 820 907 907 ejus.
1349 787 1497 796 m

645 1198 746 1264 OAP.
771 1197 872 1263 XVI.

184 1375 279 1451 oum
300 1375 340 1450 in
356 1389 497 1452 terram
519 1402 677 1476 corpora
698 1389 824 1468 nostro
846 1389 1084 1468 reuertentur,
1107 1375 1269 1476 sequitur
1290 1403 1334 1452 eo

257 1491 343 1570 inde
355 1493 594 1571 subeuntium
611 1493 765 1570 babere:
790 1491 876 1570 item
902 1493 1010 1570 Verbi
1025 1491 1182 1570 adom
1198 1491 1335 1570 eburius

255 1610 298 1686 io
313 1611 416 1688 nobis
431 1613 555 1712 imuyo
570 1611 648 1688 Dei
665 1611 855 1712 apparuit.

182 1801 213 1865 1.
236 1799 287 1866 Er
313 1799 458 1888 quoniam
482 1825 522 1868 ex
543 1801 603 1868 hac
624 1825 694 1890 quae
716 1803 887 1869 seeundum
908 1825 966 1868 nos
987 1809 1036 1868 est
1056 1809 1148 1883 terra,
1171 1803 1334 1890 plasmatio

180 1901 240 1968 fuit
254 1903 347 1983 Ado,
365 1905 524 1992 Scriptura
542 1905 617 1972 dicit
632 1905 749 1972 dixisse
769 1905 874 1971 Deum
890 1907 952 1972 θεῖε
977 1905 1020 1971 Io
1038 1907 1148 1972 sudore
1167 1905 1267 1972 oultm
1288 1909 1475 1973 tolumnio.

180 2007 381 2073 madentis
388 2031 504 2095 paoem
518 2018 614 2087 tuum,
630 2010 822 2096 quoadusquo
836 2011 1022 2076 conventurus
1035 2010 1207 2087 interram,
1223 2032 1260 2074 ee
1273 2031 1334 2096 pua

180 2119 295 2176 murm
309 2133 348 2177 es.
394 2109 430 2177 Si
450 2111 547 2198 igitur
561 2111 594 2176 in
614 2111 750 2198 aliquam
772 2111 902 2177 alteram
921 2119 1036 2176 terram
1051 2119 1246 2176 revertuntur
1263 2121 1335 2197 post

180 2221 312 2278 mortem
328 2235 458 2300 corpora
471 2221 588 2292 nostre,
604 2233 796 2298 consequens
810 2221 859 2276 est
873 2233 911 2276 ea
924 2211 996 2275 inde
1011 2219 1043 2276 et
1058 2211 1264 2277 substantiam
1280 2211 1335 2278 ha

178 2315 263 2382 bere.
309 2316 343 2380 Si
364 2315 482 2380 veroin
496 2315 578 2380 hano
597 2315 707 2400 ipsam,
724 2313 922 2378 manifestum
937 2321 994 2392 est,
1011 2314 1156 2400 quoniam
1171 2321 1203 2378 et
1222 2336 1262 2378 ex
1276 2314 1335 2380 hae

180 2417 316 2504 ³plasma
336 2417 382 2482 eis
399 2417 518 2482 laetum
536 2423 600 2492 est;
624 2413 778 2502 quomodo
800 2419 833 2478 et
856 2413 1011 2478 Dominus
1030 2413 1104 2479 feeit
1124 2415 1334 2495 manifestum,

180 2541 221 2584 ex
234 2519 311 2585 ³hne
331 2519 440 2584 eadem
458 2517 563 2584 oeulos
577 2516 606 2582 ei
620 2517 769 2581 formans.
814 2515 858 2581 Et
873 2537 967 2580 manu
986 2515 1091 2603 itaque
1110 2539 1181 2582 vere
1201 2517 1335 2605 ⁴liquido

181 2629 307 2687 ostensa
321 2621 393 2702 Dei,
408 2644 464 2708 per
484 2643 577 2707 quam
591 2619 763 2707 plasmatus
777 2627 825 2684 est
840 2619 965 2705 quidem
986 2619 1102 2698 Adam,
1122 2619 1267 2706 plasmati
1281 2644 1335 2687 au·

181 2733 246 2790 tem
260 2745 368 2790 sumus
387 2731 420 2790 et
439 2746 517 2799 nos3
541 2729 574 2789 et
592 2721 720 2789 sumsit
738 2745 819 2788 unus
834 2731 866 2788 et
886 2722 968 2788 idem
990 2723 1096 2803 Pater,
1116 2727 1205 2812 cujus
1219 2747 1281 2792 vox
1294 2728 1335 2794 ab

182 2827 272 2894 initio
293 2827 445 2915 usquead
459 2827 553 2892 finem
567 2827 657 2892 adest
676 2825 821 2913 plasmati
838 2847 914 2902 su03
938 2835 970 2892 et
987 2827 1162 2892 substantia
1175 2828 1336 2916 plasmatis

181 2931 279 2998 nostri
302 2954 358 3018 per
376 2929 582 3020 Evangelium
600 2935 745 2996 lostensa
763 2939 812 2996 est
833 2929 1015 2996 manifeste:
1039 2933 1106 3018 jam
1129 2954 1192 2997 non
1209 2941 1335 3020 oportet

181 3058 318 3122 quaerere
339 3035 436 3100 alium
462 3035 591 3100 Patrem
611 3041 725 3121 prester
753 3031 856 3108 huno;
887 3055 988 3120 neque
1013 3033 1105 3100 aliam
1127 3035 1334 3103 substantiam

180 3139 394 3226 plasmationis
418 3145 543 3212 nostros,
565 3143 678 3226 praeter
698 3137 879 3223 praediotam
906 3145 939 3203 et
960 3145 1117 3203 ostensam
1138 3159 1159 3204 a
1178 3139 1332 3217 Domino;

181 3265 282 3330 neque
301 3243 430 3309 alteram
444 3265 573 3308 manum
587 3241 650 3309 Dei
669 3249 783 3328 praeter
801 3240 894 3319 hano,
910 3263 979 3327 quoe
998 3239 1039 3305 ab
1054 3238 1143 3306 initio
1163 3263 1261 3329 usque
1275 3243 1333 3309 ⁰od

181 3345 275 3412 finem
297 3347 412 3411 format
425 3367 493 3425 nos,
509 3353 542 3411 et
561 3353 690 3433 coaptat
708 3345 741 3409 in
760 3344 866 3422 vitam,
888 3352 920 3410 et
939 3346 1029 3410 adest
1049 3345 1193 3431 plasmati
1213 3370 1280 3426 suo,
1301 3358 1334 3414 et

181 3448 302 3532 perlinit
323 3449 398 3514 illud
423 3447 593 3514 seeundum
621 3447 789 3536 imaginem
810 3455 843 3513 et
868 3447 1099 3513 similitudinem
1122 3449 1195 3516 Dei.
1245 3451 1334 3518 Tune

181 3558 288 3614 autem
301 3551 362 3616 hoo
378 3550 519 3616 Verbum
539 3559 699 3616 ostensum
713 3558 772 3630 est,
790 3551 913 3636 quando
930 3551 1023 3616 homo
1039 3551 1183 3617 Verbum
1197 3553 1258 3620 Dei
1273 3555 1335 3621 sso-

182 3661 251 3718 tum
269 3661 327 3732 est,
350 3654 550 3738 semetipsum
566 3653 694 3732 homini,
717 3661 750 3718 et
771 3653 928 3718 hominem
946 3653 1130 3740 sibimetipsi
1150 3657 1334 3738 assimilans,

81 3773 163 3814 mna
183 3763 219 3821 ut
233 3777 288 3842 per
303 3776 373 3820 eam
390 3775 459 3842 quae
478 3762 527 3819 est
545 3755 586 3819 ad
605 3753 720 3819 Filium
735 3753 977 3835 similitudinem,
999 3756 1152 3842 pretiosus
1170 3758 1264 3827 homo
1278 3763 1335 3829 fiat

233 3993 537 4057 1mm‚cmu.‚v0ss.,
548 3993 615 4057 ineo,
625 3995 732 4046 Annulo.
783 3996 873 4045 bunion.
907 3996 960 4046 'l'he
971 3996 1073 4061 reading
1083 3997 1298 4051 followedistbat
1309 4003 1338 4051 of

184 4079 370 4140 &empurium
380 4078 496 4126 strdrrd
507 4079 577 4138 ἔργα.
783 4077 952 4138 thecum„
969 4077 1176 4140 Voss.,Gnas1,
1196 4080 1332 4143 Messon,

231 4159 325 4210 ’mim
340 4165 357 4210 ι.
370 4175 394 4209 ιι
412 4159 444 4210 Δ.
462 4156 568 4208 omitted
583 4159 608 4206 in
620 4159 664 4208 tho
680 4158 732 4209 As.
785 4157 1102 4219 Smrssmhilethedn.
1115 4161 1335 4225 haeretieorum

182 4243 260 4306 debr,
274 4242 363 4304 MSS„
377 4241 427 4292 Gn.
440 4241 569 4291 imsrser.
784 4239 872 4290 tunso.
886 4253 916 4290 11.
928 4241 1023 4304 reliqua
1036 4242 1090 4298 vst,·
1105 4241 1170 4294 Fun.
1183 4245 1335 4309 ηιιφιαυεπ

233 4325 344 4376 'Aust
364 4325 408 4375 On.
416 4321 732 4388 plurumaspluorutio,
784 4321 926 4384 aliquunde.

181 4407 264 4458 which
274 4409 326 4458 also
337 4407 413 4472 drops
423 4405 478 4456 lton.
832 4403 843 4435 ⁵
860 4405 910 4455 As.
923 4405 1052 4455 mdeste.

231 4488 360 4552 *liutoldo
375 4489 468 4550 σαφῶς,
483 4501 535 4536 vere
552 4485 627 4550 being
642 4499 733 4534 smar-
832 4483 911 4537 ‘Aa
935 4487 964 4535 iu
979 4486 1055 4550 finem
1077 4489 1212 4552 conformat
1240 4507 1291 4552 uos,
1314 4499 1335 4542 el

183 4569 251 4632 ginal
265 4569 331 4631 gloss
349 4569 406 4618 that
423 4568 468 4616 has
488 4566 578 4618 caused
593 4581 661 4616 some
675 4581 733 4614 eon·
783 4574 877 4631 coeptat
892 4568 972 4618 vr'tam.
