3292 5068
325 365 369 431 68
701 375 805 432 UNUS
828 375 872 430 IN
896 373 1078 430 sconsam

184 553 288 639 ιιιιιιιι.
323 555 396 601 vero
410 551 518 600 omncs
532 531 612 598 falso
626 533 766 598 scientiae
780 533 906 598 nomine
921 531 1032 611 inflati,
1048 529 1225 616 Scripturas
1239 527 1365 614 quidem
1381 524 1476 592 eonfi-

165 601 306 732 ᾖὲῗὲξηξ
324 643 440 716 tentur,
463 635 735 723 interpretationes
759 657 833 702 vero
859 641 1054 713 convertunt,
1084 631 1343 719 quemadmodum
1372 637 1477 695 osten·

200 738 237 777 ¹·‘l
247 739 276 778 ¹²
324 733 450 806 dimus
441 759 474 803 m
488 739 589 825 primo
603 739 694 804 libro.
738 738 784 804 Et
798 738 924 826 quidem
938 737 970 803 hi
986 737 1040 824 qui
1054 759 1074 802 a
1090 735 1253 802 Marcione
1273 741 1349 799 sunt
1366 732 1475 798 atatim

323 842 540 928 blasphemant
560 842 789 921 fabricatorem,
811 842 952 908 dicentes
972 862 1044 906 eum
1067 839 1218 904 malorum
1244 837 1473 908 fabricatorem,

323 946 517 1033 propositum
541 945 623 1010 initii
646 947 695 1010 sui
718 945 976 1011 ¹tolembiliorem
998 943 1164 1021 habentes,
1186 941 1266 1006 duos
1293 937 1477 1004 naturaliter

324 1049 463 1114 dicentes
492 1048 577 1127 deos,
608 1049 761 1114 distantes
789 1050 830 1114 ab
859 1048 1002 1126 invicem,
1031 1045 1164 1111 altemm
1193 1043 1319 1130 quidem
1347 1043 1474 1116 bonum,

322 1151 455 1216 alterum
477 1158 583 1216 autem
604 1150 739 1216 malum:
762 1150 795 1214 hi
817 1157 924 1216 eutem
942 1148 995 1236 qui
1013 1157 1088 1214 sunt
1105 1170 1125 1212 a
1141 1145 1322 1222 Valentino,
1342 1143 1475 1208 nomini-

322 1253 381 1316 bus
395 1252 557 1317 honestius
570 1259 704 1330 utentes,
726 1260 759 1317 et
778 1252 915 1326 Patrem,
939 1259 972 1316 et
994 1250 1176 1328 Dominum,
1199 1255 1232 1312 et
1256 1246 1370 1324 Deum,
1392 1246 1475 1310 hunc

323 1355 375 1441 qui
398 1361 448 1419 est
468 1353 645 1434 fabricator,
668 1355 879 1434 ostendentes,
898 1353 1093 1441 propositum
1107 1353 1173 1418 sive
1190 1359 1310 1416 sectam
1330 1349 1474 1433 blesphe-

322 1457 454 1522 miorem
475 1456 723 1544 habenturque
744 1459 785 1522 ab
806 1457 911 1543 aliquo
933 1479 973 1522 ex
996 1457 1046 1522 his
1075 1477 1145 1542 qum
1171 1461 1245 1520 sunt
1272 1453 1356 1516 intra
1378 1451 1475 1536 pleni-

321 1559 463 1625 tudinem
484 1560 646 1625 AEonibus
666 1560 807 1626 dicentes
820 1566 899 1626 'eum
921 1560 1080 1638 emissum,
1103 1558 1160 1624 sed
1181 1559 1222 1622 ab
1249 1579 1288 1622 ea
1310 1556 1380 1622 labe
1404 1577 1475 1641 quae

322 1669 412 1726 extra
442 1663 589 1727 Pleroma
617 1661 748 1748 expulsa
776 1669 836 1728 eet.
886 1661 968 1727 Haec
997 1670 1103 1726 autem
1132 1660 1238 1726 omnia
1265 1658 1399 1726 contulit
1428 1659 1475 1724 eis

321 1765 543 1852 scripturarum
572 1773 605 1832 et
633 1765 846 1853 dispositionis
876 1765 937 1830 Dei
967 1764 1154 1854 ignorantia.
1210 1765 1278 1830 Nos
1305 1771 1411 1829 autem
1441 1769 1475 1827 et

320 1889 447 1933 causam
468 1869 650 1934 differentiae
672 1877 943 1948 testamentorum,
966 1877 999 1934 et
1020 1891 1143 1934 rursum
1164 1868 1319 1934 unitatem
1340 1874 1374 1932 et
1398 1888 1474 1933 con-

320 1969 495 2034 sonantiam
512 1969 658 2054 ipsorum,
675 1970 708 2034 in
722 1969 773 2035 his
787 1993 856 2056 quee
871 1971 1018 2058 deinceps
1031 1971 1135 2036 lutura
1146 1977 1230 2049 sunt,
1244 1971 1422 2035 referemus.

387 2072 439 2136 16.
485 2072 639 2155 Quoniam
661 2081 768 2138 autem
790 2081 823 2138 et
847 2074 993 2160 Apostoli
1015 2082 1048 2139 et
1067 2075 1241 2140 ²discentes
1262 2073 1409 2160 ipsorum,
1427 2071 1473 2138 sic

320 2173 484 2254 docebant,
515 2175 776 2262 quemadmodum
806 2175 952 2243 Ecclesia
980 2177 1139 2264 praedicat,
1176 2185 1209 2242 et
1243 2175 1289 2241 sic
1326 2176 1473 2241 docentes

157 2300 286 2394 ᾖξιιπιιιο,
321 2277 450 2362 perlecti
483 2277 617 2357 hremnt,
648 2287 776 2366 propter
801 2280 885 2364 quod
906 2288 939 2346 et
966 2283 1175 2347 evocabuntur
1202 2277 1244 2343 ad
1266 2277 1470 2364 ⁸perlectum:

156 2393 226 2434 ιὲῑῑ
322 2379 500 2468 Stephanus
528 2381 596 2448 haec
625 2381 750 2462 docens,
777 2383 879 2448 adhuc
908 2405 981 2449 oum
1009 2403 1103 2470 super
1130 2391 1246 2446 terram
1271 2388 1364 2458 esset,
1394 2379 1473 2445 vidit

156 2509 203 2550 ne.
213 2511 247 2551 ιι.
256 2510 287 2549 m
318 2481 449 2570 gloriam
472 2483 545 2563 Dei,
567 2492 600 2550 et
621 2484 734 2551 Jesum
755 2485 797 2550 ad
814 2485 985 2564 dexteram,
1004 2493 1037 2550 et
1057 2483 1155 2549 dixit:
1179 2481 1267 2560 Ecce,
1286 2481 1371 2546 uideo
1386 2481 1472 2548 cehe

319 2598 446 2674 apertos,
464 2596 491 2652 et
504 2588 628 2654 Filium
642 2587 770 2654 luminis
784 2587 928 2654 ⁴etuotem
943 2610 964 2652 a
983 2587 1115 2654 deuteria
1128 2586 1201 2652 Dei.
1239 2584 1284 2650 Et
1298 2585 1366 2651 haec
1380 2585 1471 2662 dixit,

318 2699 352 2754 et
365 2691 521 2774 lapidatus
535 2699 593 2765 est,
616 2699 648 2755 et
662 2693 708 2757 sic
723 2693 891 2777 perlectam
906 2692 1078 2756 doctrinam
1092 2689 1282 2776 adimplevit,
1297 2711 1354 2775 per
1367 2687 1472 2753 omnia

317 2793 456 2878 martyrii
472 2793 658 2880 magistrum
673 2793 810 2872 imitans,
826 2801 859 2858 et
874 2793 1036 2878 postulans
1051 2813 1107 2878 pro
1122 2791 1235 2877 eisqui
1255 2811 1289 2855 sc
1307 2789 1472 2856 interficie-

154 2907 284 2948 aetvttm
317 2893 404 2971 bant,
420 2893 590 2959 etdicens:
614 2894 756 2973 Domine,
771 2904 938 2960 nodutum
952 2893 1015 2957 illis
1028 2893 1081 2958 too
1092 2902 1261 2979 peccatam.
1307 2891 1360 2956 Sic
1382 2898 1472 2956 erant

317 2996 456 3083 perlecti,
480 2997 532 3082 qui
554 3019 652 3062 unum
669 3005 702 3062 et
723 2997 857 3062 eundem
879 2997 994 3075 Deum,
1016 2997 1057 3060 ab
1079 2995 1169 3058 initio
1191 3014 1290 3078 usque
1312 2993 1353 3058 ad
1375 2993 1471 3057 tinem

316 3099 410 3166 variis
424 3100 680 3187 dispositionibus
694 3100 894 3166 assistentem
908 3101 1044 3164 humano
1058 3097 1176 3186 generi,
1190 3097 1348 3170 aciebant;
1365 3118 1471 3181 quem-

152 3221 249 3262 oeua
259 3222 287 3262 m
316 3201 484 3269 admodum
498 3203 545 3269 ait
560 3203 643 3269 Osee
657 3204 819 3290 propheta,
842 3203 909 3290 Epo
926 3204 1052 3268 mm‘ouea
1078 3200 1211 3288 impboi,
1235 3209 1264 3265 et
1279 3200 1314 3264 ia
1332 3200 1472 3265 montbar
1485 3216 1563 3258 caua.

309 3305 528 3392 prmadetumm
551 3306 705 3372 similatus
726 3329 802 3372 mm.
847 3306 908 3388 Qui
929 3328 1004 3394 ergo
1018 3326 1116 3393 usque
1130 3304 1172 3369 ad
1184 3311 1317 3368 mortem
1337 3303 1471 3369 tradide-

316 3415 390 3472 runt
418 3407 541 3475 animas
570 3417 697 3496 propter
734 3408 941 3497 Evangelium
975 3407 1102 3484 (lhristi,
1137 3405 1291 3492 quomodo
1327 3411 1472 3492 poterant

315 3511 487 3576 secundum
510 3512 638 3578 insitam
660 3511 837 3600 opinionem
859 3512 1036 3578 hominihus
1057 3511 1163 3599 loqui!
1206 3509 1297 3594 Quod
1319 3507 1469 3594 ipsumsi

315 3656 355 3705 hie
376 3655 426 3706 five
450 3657 528 3706 boolm
550 3655 607 3708 adv.
630 3657 721 3720 um,
749 3657 817 3708 since
838 3658 870 3708 he
916 3664 988 3718 md,
1001 3653 1201 3718 umbrato
1214 3651 1471 3704 mammulae·

315 3737 469 3804 commedly
486 3739 571 3788 malrea
586 3739 700 3788 aliberal
717 3755 761 3788 use
776 3739 805 3788 oi
818 3740 869 3788 this
914 3737 1047 3801 phemiam.
1071 3736 1283 3788 Debaimetuatem
1294 3735 1424 3798 Interprea,
1438 3731 1470 3780 ei·

315 3820 385 3870 work
401 3820 430 3869 ol
441 3819 568 3870 hunnus
584 3820 611 3869 in
628 3819 667 3868 his
677 3821 779 3869 meatim
797 3820 869 3870 cVo
917 3814 1471 3882 midemrptderupropositumwrtmripla-

314 3901 370 3953 lent.
405 3903 457 3952 But
468 3919 506 3952 we
520 3903 580 3952 hear
596 3903 704 3965 nothing
720 3903 749 3950 os
763 3903 792 3952 it.
827 3901 866 3953 cf.
917 3899 974 3960 cuit,
984 3899 1136 3949 tolerabilius
1147 3898 1258 3962 ordimem.
1275 3897 1325 3946 Ga.
1356 3895 1471 3945 Marcion

314 3999 335 4034 c.
350 3984 402 4034 Vol.
415 4000 436 4034 c.
447 3997 470 4047 5,
484 3985 535 4034 and
545 3984 604 4035 Vol.
617 3996 636 4035 1.
649 3999 706 4048 219,
718 4000 744 4032 n.
758 3997 781 4034 a.
918 3983 1011 4046 taught
1027 3983 1084 4032 that
1099 3983 1169 4031 these
1185 3986 1237 4030 tvo
1252 3979 1394 4042 intelligent
1404 3979 1470 4042 prin·

364 4064 373 4096 ¹
393 4065 740 4129 contemporalium,
753 4064 867 4114 intolera·
918 4063 1002 4128 ciples,
1015 4063 1065 4112 arrd
1083 4068 1182 4124 matter,
1195 4078 1260 4111 were
1280 4063 1349 4110 three
1369 4060 1472 4110 distinet

314 4147 433 4207 biliorern,
450 4155 541 4212 accepto
551 4149 657 4197 Annum
671 4163 699 4196 ec
715 4163 761 4211 quo
774 4153 866 4196 matru-
917 4145 1013 4194 eterual
1021 4144 1161 4209 principles.
1186 4143 1232 4192 See
1242 4141 1322 4192 Taua.
1331 4156 1350 4190 o.
1361 4139 1441 4188 Mure.
1450 4151 1469 4188 1.

315 4227 383 4277 mom
400 4227 520 4278 monem
536 4229 620 4290 stipere
637 4229 741 4292 ρὶιιοιιίι
772 4229 869 4292 Quippe
918 4225 1012 4286 stac,
1028 4223 1386 4286 H1rr.Ph.v11.np—31,x.
1404 4235 1442 4286 19.

316 4308 432 4368 Imeus,
445 4309 591 4370 comparatis
601 4309 697 4359 macrae
714 4309 837 4360 Valentini
847 4317 868 4359 et
966 4305 1102 4366 ’μιιθιγιιιὶι
1117 4305 1209 4354 asino
1218 4321 1259 4354 xv.
1273 4305 1322 4354 and
1330 4305 1469 4355 elsewhere.

316 4387 452 4438 Marcionis
467 4388 541 4449 rectia
558 4389 623 4439 tam
637 4391 723 4452 prima
738 4407 791 4441 uoce
807 4391 868 4441 blaa·
966 4386 977 4420 ⁸
994 4389 1030 4437 διὸ
1045 4389 1085 4436 rat
1100 4387 1265 4446 ἐξεκλήθησιιν
1287 4388 1319 4437 rh
1340 4389 1383 4436 τὸν
1404 4403 1469 4436 τετε·

312 4468 438 4532 phemiam
453 4467 482 4516 io
501 4469 635 4518 Creatorem
645 4471 763 4532 dueahri
773 4471 816 4532 ait,
830 4488 866 4521 re-
916 4471 1050 4528 λειωμένσν.

315 4547 867 4612 iprntuotcrrtolerubu'lioreroeamttta;utpote
965 4548 977 4580 ⁴
993 4549 1047 4608 On,
1058 4547 1145 4596 Mass.
1158 4546 1193 4596 ud
1206 4547 1471 4598 wmmudmantem

316 4627 534 4692 mammeam
552 4626 867 4690 quidemadeollumadu
917 4629 972 4678 Det.
