3292 5068
319 362 361 426 18
739 374 818 430 NON
843 375 1050 428 ERRABANT

154 547 306 637 neppam.
376 533 409 598 3.
433 529 696 596 Marcionautem
705 527 1473 607 illisuaeedensinvaluitsubhnioeto,¹decimum

164 643 256 728 ¹4⁸³·
252 607 294 682 Ηῗ
319 633 422 700 locum
433 634 631 721 episcopatus
645 632 833 699 continente.
868 632 992 720 Reliqui
1005 653 1076 698 vero
1091 631 1144 720 qui
1158 639 1308 698 vocantur
1319 630 1472 708 Gnostici,

154 765 304 773 --
319 760 340 803 a
353 737 548 803 ’Menandro
564 736 700 803 Simonis
719 733 878 821 discipulo,
900 735 1160 855 quemadmodum
1176 735 1378 812 ostendimus,
1394 733 1474 800 acci-

318 843 440 929 pientes
451 841 550 920 initia,
563 840 773 928 unusquisque
787 861 905 918 eorum,
920 839 1010 925 eujus
1023 839 1225 925 participatis
1237 847 1286 904 est
1300 838 1474 916 sententiae,

317 947 386 1032 ejus
401 954 433 1012 et
453 953 551 1032 pater,
566 953 600 1010 et
618 945 750 1010 antistes
763 943 917 1030 apparuit.
953 943 1093 1008 ⁸Omnes
1111 951 1217 1008 autem
1237 942 1269 1006 hi
1287 941 1384 1006 multo
1403 963 1475 1026 pos·

318 1050 426 1128 terius,
452 1049 660 1115 mediantibus
681 1049 749 1136 jam
776 1046 927 1114 Ecclesiae
955 1048 1157 1135 temporibus,
1187 1047 1420 1112 insurrexemnt
1441 1045 1475 1109 in

318 1175 409 1221 suam
422 1155 621 1242 apostasiam.

813 1431 915 1498 uAP.
939 1431 982 1498 V.

323 1599 485 1678 ostensio
511 1599 608 1700 quod
633 1612 666 1674 et
691 1597 876 1674 Dominus
908 1612 940 1674 ct
966 1598 1135 1699 Apostoli
1159 1597 1201 1674 in
1225 1597 1376 1675 veritate
1399 1597 1476 1674 eoli-

395 1717 518 1795 aaa
561 1715 779 1810 doctmnom,
821 1729 853 1792 et
892 1741 965 1791 non
1004 1716 1202 1792 secuudum
1244 1713 1476 1793 audientium

395 1861 614 1937 opinionem.

322 2023 352 2084 1.
391 2017 609 2084 Taxurrrouu
630 2019 725 2107 igitur
748 2041 818 2106 quae
840 2025 890 2084 est
909 2019 950 2084 ab
973 2017 1145 2104 Apostolis,
1168 2017 1214 2084 sic
1235 2039 1270 2082 se
1290 2016 1425 2083 habente
1443 2017 1476 2082 in

321 2121 473 2202 Ecclesia,
489 2130 522 2188 et
536 2130 736 2209 permanente
750 2121 832 2208 apud
847 2143 915 2200 nos,
933 2130 1123 2187 revertamur
1137 2121 1177 2185 ad
1191 2143 1271 2198 eam,
1287 2143 1357 2207 quse
1371 2130 1421 2187 est
1435 2143 1476 2186 ex

321 2223 489 2310 Scripturis
510 2224 718 2291 ostensionem
739 2245 845 2290 eorum
868 2224 975 2311 quiet
999 2223 1204 2310 Evangelium
1226 2223 1476 2310 conscripserunt

319 2325 553 2412 Apostolomm,
568 2349 609 2392 ex
624 2328 736 2412 quibus
750 2327 998 2413 conscripserunt
1012 2327 1052 2392 de
1072 2327 1142 2390 Deo
1157 2327 1355 2404 sententiam,
1371 2334 1475 2392 osten·

151 2443 202 2484 10¹1·
212 2445 281 2485 ¹³³³
319 2429 428 2496 dentes
450 2431 597 2518 quoniam
624 2430 778 2496 Dominus
804 2440 911 2496 noster
931 2430 1029 2494 Jesus
1052 2429 1195 2495 Christus
1220 2431 1335 2494 veritas
1359 2437 1419 2508 est,
1442 2437 1476 2495 et

318 2533 514 2598 mendacium
529 2534 561 2597 in
575 2555 612 2599 eo
627 2556 690 2598 non
704 2543 760 2599 est.
810 2533 1078 2616 Quemadmodum
1092 2542 1126 2598 et
1141 2533 1243 2598 David
1257 2555 1327 2600 eam
1342 2557 1412 2620 quae
1427 2542 1476 2599 est

318 2655 359 2698 ex
375 2634 507 2722 Virgine
528 2635 761 2722 generationem
779 2636 856 2721 ejus,
875 2647 908 2700 et
926 2657 996 2700 eam
1015 2657 1085 2722 quae
1099 2643 1149 2700 est
1167 2657 1207 2700 ex
1224 2636 1355 2701 mortuis
1375 2657 1475 2700 resur·
1488 2656 1513 2696 o.
1524 2659 1569 2702 aar.

220 2748 234 2775 ¹
272 2765 278 2778 ·
318 2737 487 2804 rectionem
501 2739 690 2824 prophetans
704 2740 770 2817 ait:¹
798 2739 919 2804 Veritas
938 2739 1076 2803 deterre
1090 2749 1158 2804 orta
1172 2747 1223 2804 est.
1269 2739 1314 2804 Et
1329 2738 1476 2827 Apostoli

318 2848 424 2904 autem
439 2839 581 2925 discipuli
596 2841 736 2905 veritatis
750 2841 947 2918 exsistentes,
963 2849 1052 2904 extra
1066 2862 1157 2905 omne
1173 2841 1368 2906 mendacium
1382 2851 1472 2908 sunt:

301 3019 303 3024 Ι
318 2963 381 3007 nou
396 2943 479 3006 enim
494 2942 703 3007 communicat
718 2943 914 3008 mendacium
928 2943 1061 3022 veritati,
1073 2943 1154 3008 sieut
1169 2965 1233 3008 non
1244 2944 1475 3010 communicant

318 3046 454 3111 tenebrae
477 3044 558 3121 luci;
587 3045 643 3111 sed
665 3048 832 3132 praeseutia
849 3045 976 3112 alterius
999 3046 1136 3112 excludit
1159 3047 1301 3113 alterum.
1347 3047 1475 3115 Veritas

319 3169 395 3236 ergo
410 3145 565 3212 Dominus
579 3156 686 3213 noster
699 3148 864 3228 exsistens,
879 3170 942 3214 non
958 3149 1182 3213 mentiebatur:
1200 3157 1233 3214 et
1250 3171 1342 3236 quem
1356 3150 1475 3216 sciebat

318 3384 461 3448 pestiferum
471 3383 788 3436 summatenus
803 3401 872 3448 spon
922 3385 1056 3435 translator
1071 3386 1130 3434 read
1146 3386 1224 3445 there,
1244 3387 1269 3434 Η
1286 3387 1326 3434 for
1342 3387 1370 3436 θ.

318 3475 388 3530 pera,
401 3467 498 3531 prauitas
512 3483 536 3516 aa
551 3468 582 3517 cd
593 3467 698 3517 Ecclesia
708 3467 813 3517 maoch.
837 3467 872 3516 Id
970 3462 982 3494 ¹
999 3463 1085 3512 Simon
1107 3463 1208 3513 himself
1226 3464 1248 3512 is
1265 3464 1391 3529 generally
1408 3479 1476 3513 men·

321 3549 387 3601 enim
408 3558 495 3600 sonant
516 3550 606 3600 Irenoei
627 3550 714 3607 vertc,·
730 3565 782 3614 qsroe
805 3550 872 3612 Rufi·
921 3545 1229 3595 tionedaethelatherol'
1237 3546 1396 3596 Gnosticism.
1414 3547 1473 3596 Vol.

319 3647 368 3681 nur
385 3639 406 3682 et
427 3631 654 3696 Ohn'atophorrones
672 3645 802 3695 perperam
823 3645 873 3681 naec
922 3640 1159 3694 1.pp.195,219,n.
1174 3641 1262 3691 (ματ,
1278 3643 1333 3693 ²⁴9·
1368 3628 1475 3677 Menan·

315 3712 412 3777 judicio
433 3713 585 3778 iraterprctota'
606 3721 669 3764 meat.
704 3712 787 3776 Neque
808 3711 873 3762 enim
922 3710 967 3760 der
978 3710 1126 3775 symbolised
1134 3711 1195 3760 with
1207 3710 1364 3770 Saturninus,
1376 3711 1426 3759 and
1437 3711 1474 3758 in·

323 3797 453 3848 Oerdonera
463 3813 492 3847 ea
502 3796 608 3848 Εοοὶοοίο
621 3797 716 3860 pedum
722 3795 803 3858 faisse
814 3794 874 3844 dicit
922 3791 1042 3841 troduoed
1048 3793 1230 3856 manynotions
1236 3792 1350 3841 fromthe
1357 3791 1474 3841 Oabbala.

320 3878 445 3936 Irenaeum
460 3879 502 3929 aad
513 3877 631 3943 ipsamet
646 3879 677 3930 ab
688 3877 795 3928 Ecclesia
801 3877 872 3940 peni·
971 3873 982 3907 ⁸
999 3874 1058 3924 This
1069 3875 1119 3924 last
1129 3879 1244 3924 sentence
1255 3873 1276 3922 is
1287 3873 1392 3922 omitted
1398 3873 1424 3921 in
1433 3873 1476 3922 the

320 3967 359 4010 tua
368 3977 504 4025 efficacem.
526 3963 731 4027 Bepwappurct,
744 3959 874 4010 Meum
923 3956 1067 4006 Omsxoun
1081 3957 1131 4005 and
1142 3957 1221 4004 Voss.
1235 3953 1312 4005 MSS.
1347 3955 1476 4004 Missum

320 4057 364 4092 suo
385 4042 464 4106 ipsius
479 4044 575 4106 judicto
597 4044 787 4104 wadomactum,
808 4058 872 4106 pra·
922 4037 1400 4102 suspeetsthatitisamarginalnote.
1423 4037 1476 4086 The

320 4125 523 4174 manasedais
529 4125 676 4175 cananiam.
683 4125 784 4174 Venas.
790 4125 816 4173 in
824 4132 871 4174 aot.
922 4119 1078 4184 supposition
1096 4121 1117 4168 is
1127 4120 1233 4185 perhaps
1251 4119 1428 4184 strengthened
1443 4119 1476 4182 by

320 4210 356 4258 cd
367 4209 424 4258 an
459 4209 528 4257 Here
538 4208 656 4257 aduentus
666 4215 699 4256 est
715 4223 793 4256 seems
804 4213 831 4256 to
843 4209 873 4256 be
922 4203 966 4251 the
983 4203 1100 4251 omission
1118 4202 1147 4251 os
1160 4209 1240 4252 amon
1256 4203 1283 4250 in
1295 4202 1339 4250 the
1351 4202 1402 4251 Aa.
1415 4201 1473 4250 MS.

320 4289 463 4354 equivalent
479 4293 506 4336 to
525 4287 640 4336 Minuit
650 4303 689 4345 ιω
705 4289 802 4338 butsee
812 4289 871 4338 Vol.
923 4284 975 4332 But
996 4283 1032 4345 hi,
1057 4301 1085 4334 as
1107 4285 1122 4333 1
1143 4285 1258 4348 imagine,
1285 4284 1362 4332 refers
1384 4288 1410 4332 to
1433 4284 1476 4331 the

321 4383 338 4420 1.
352 4387 377 4434 p.
391 4366 427 4428 16,
441 4383 466 4417 n.
480 4381 501 4416 1.
923 4367 1086 4428 Mareosians,
1105 4367 1154 4415 and
1166 4367 1237 4415 other
1251 4366 1371 4415 branches
1389 4365 1418 4413 ol
1432 4365 1475 4414 the

370 4449 525 4499 ldae-imum.
554 4448 614 4496 'l'his
622 4449 691 4498 word
700 4449 872 4513 helpstoeeta·
923 4449 1086 4498 Valentinian
1104 4447 1183 4508 stoolr,
1207 4449 1343 4506 μεσούντων
1360 4449 1403 4506 τῆς
1419 4447 1474 4495 Ἐκ-

320 4533 385 4581 blish
397 4533 478 4581 ἔνατος
489 4531 574 4589 above,
587 4529 636 4578 and
651 4531 837 4580 aonueinrtead
848 4532 878 4580 of
924 4532 1024 4589 κλησὶας
1040 4530 1137 4592 χρόνων,
1158 4529 1208 4577 and
1226 4534 1272 4578 not
1291 4533 1318 4578 to
1337 4529 1402 4578 their
1420 4544 1474 4592 prs-

320 4621 416 4662 octouur
442 4613 468 4660 in
496 4612 539 4660 the
566 4611 651 4661 Latin.
689 4610 804 4675 Possibly
831 4613 874 4660 the
923 4612 1054 4658 decessore.
