3334 5070
537 373 673 426 nouum
700 371 1021 425 enramcnsauun.
1301 358 1346 422 93

189 526 258 592 ficri
275 527 306 591 in
326 526 450 594 Christo
466 527 489 592 J
491 549 547 592 esu
561 536 749 614 poteramus,
766 526 834 594 sine
848 548 929 614 aqua
950 547 1019 611 quae
1034 523 1073 590 de
1096 523 1175 590 coelo
1195 529 1254 588 est.
1301 522 1346 586 Et
1381 545 1433 584 nra.
1444 547 1483 587 nr.

1391 593 1449 632 xvlil.
1460 595 1475 632 1.

191 633 274 698 sieut
288 633 376 698 arida
386 642 478 711 terra,
495 635 598 699 sinon
614 635 764 722 percipiat
778 634 949 714 humorem,
965 655 1028 698 non
1043 631 1228 698 fructificat:
1252 631 1297 696 sic
1314 639 1346 696 et
1358 639 1503 728 flfflffi·

192 757 260 814 nos,
283 737 403 826 lignum
417 737 539 802 aridum
553 738 740 803 exsistentes
757 737 900 824 primum,
916 759 1074 824 nunquam
1091 735 1346 801 fructificaremus
1392 733 1442 772 ”ll
1454 733 1472 770 ²

1360 808 1510 822 ——1

191 838 298 918 vitam,
314 841 382 905 sine
401 863 535 927 superna
554 840 728 906 voluntaria
749 840 862 928 pluvia.
908 841 1046 928 Corpora
1066 839 1150 905 enim
1164 847 1272 904 nostra
1292 861 1346 924 per
1359 856 1393 896 1²·-
1400 855 1459 896 nvn.
1469 856 1499 894 lu

193 939 351 1006 lavacrum
366 943 461 1020 illam,
483 964 553 1028 quae
568 951 616 1007 est
636 943 676 1006 ad
693 942 965 1028 incorruptionem,
982 941 1134 1006 unitatem
1150 947 1345 1027 acceperunt,

87 1091 94 1102 ,
193 1045 306 1109 animae
332 1054 439 1110 autem
462 1068 517 1132 per
542 1045 702 1132 Spiritum.
747 1046 843 1111 Unde
862 1056 895 1112 et
917 1055 1048 1130 utraque
1069 1045 1253 1122 necessaria,
1276 1067 1347 1110 cum

193 1157 325 1232 utraque
342 1149 507 1233 proficiunt
529 1148 561 1212 in
583 1148 679 1212 vitam
702 1148 775 1226 Dei,
797 1149 965 1214 miserante
985 1148 1122 1213 Domino
1143 1155 1250 1212 nostro
1273 1149 1470 1212 ¹Sa-Joh.u-r.

193 1251 357 1314 maritanas
380 1250 423 1314 illi
453 1249 703 1336 praevaricatrici,
731 1273 800 1336 quae
827 1251 859 1314 in
883 1272 945 1316 uno
971 1250 1122 1317 virenon
1145 1249 1270 1328 mansit,
1292 1250 1348 1315 sed

195 1352 347 1416 fornicata
370 1352 474 1416 estin
501 1351 608 1416 multis
630 1351 758 1436 nuptiis,
791 1360 824 1416 et
854 1353 1037 1417 ostendente
1063 1352 1102 1429 ei,
1126 1360 1159 1417 et
1183 1352 1348 1438 pollicente

194 1475 308 1538 aquam
320 1453 431 1534 vivam,
440 1462 476 1519 ut
491 1453 619 1519 ulterius
633 1475 696 1518 non
709 1454 821 1533 sitiret,
837 1477 936 1540 neque
952 1463 1154 1540 occuparetur
1167 1455 1208 1518 ad
1223 1455 1348 1520 humec-

195 1557 346 1622 tationem
361 1579 450 1644 aquae
466 1556 638 1634 laboriosae,
659 1556 778 1622 habens
793 1557 825 1620 in
840 1578 874 1621 se
889 1564 998 1643 potum
1012 1555 1191 1621 ²salientem
1205 1556 1238 1620 in
1253 1557 1348 1622 vitam

195 1667 355 1738 aetemam„
376 1659 484 1744 ‘quarn
500 1658 655 1723 Dominus
673 1657 829 1744 accipiens
850 1681 964 1724 munus
981 1680 1001 1723 a
1017 1659 1123 1737 Patre,
1145 1659 1212 1744 ipse
1227 1681 1348 1746 quoque

195 1759 245 1824 his
259 1761 384 1825 donavit
400 1759 451 1846 qui
468 1782 507 1824 ex
521 1760 589 1846 ipso
605 1759 839 1847 participantur,
855 1760 888 1824 in
903 1761 1077 1826 universam
1092 1769 1207 1826 terram
1221 1761 1350 1826 mittens

197 1861 348 1946 Spiritum
362 1871 515 1928 sanctum.

258 1969 288 2030 2.
329 1965 423 2031 Hanc
446 1965 584 2030 muneris
607 1965 742 2052 gratiam
768 1964 939 2050 praevidens
967 1965 1096 2030 Gedeon
1121 1965 1171 2030 ille
1197 1963 1348 2042 israelita,

195 2089 290 2154 quem
319 2067 415 2155 elegit
444 2067 542 2144 Deus,
573 2074 609 2131 ιιι
637 2066 771 2132 salvaret
800 2066 947 2152 populum
983 2067 1080 2131 lsrael
1113 2067 1152 2132 de
1184 2076 1349 2154 potentatu

195 2169 449 2258 alienigenarum,
476 2170 647 2235 demutavit
671 2169 864 2256 petitionem,
893 2179 925 2235 ει
951 2192 1044 2256 super
1072 2172 1169 2236 vellus
1197 2171 1287 2250 lanae,
1318 2171 1482 2239 inruuusr

197 2296 259 2360 quo
273 2281 396 2338 tantum
410 2273 544 2360 primum
559 2294 610 2336 ros
625 2273 735 2350 luerat,
751 2272 916 2357 quoderat
931 2281 1023 2358 typus
1037 2273 1152 2359 populi,
1174 2272 1351 2337 ariditatem
1363 2251 1404 2288 ἠ’

195 2377 333 2439 suturam
359 2374 567 2460 prophetans;
600 2374 660 2440 hoc
686 2383 745 2452 est,
776 2396 838 2439 non
863 2375 930 2459 jam
960 2375 1120 2440 babituros
1148 2398 1202 2441 eos
1231 2397 1251 2440 a
1280 2375 1350 2441 Deo

197 2477 348 2562 Spiritum
362 2485 516 2554 sanctum,
533 2477 614 2542 sicut
627 2477 740 2540 Esaias
753 2476 817 2540 ait:
834 2475 878 2540 Et
892 2475 1017 2540 uadibus
1030 2477 1178 2541 madaba
1192 2500 1229 2542 aa
1236 2477 1351 2564 placat
1364 2507 1416 2548 aar
1426 2509 1471 2548 aa

195 2601 286 2666 reaper
300 2603 386 2654 canu
410 2579 443 2643 in
462 2579 547 2644 omni
566 2589 672 2644 autern
694 2588 778 2644 terra
797 2578 865 2642 fieri
884 2601 946 2656 ros,
962 2580 1045 2663 quod
1063 2587 1111 2644 est
1127 2579 1262 2664 Spiritus
1278 2579 1349 2660 Dei,

196 2681 250 2767 qui
265 2681 425 2746 descendit
440 2681 472 2744 in
486 2679 667 2758 Dominum,
683 2681 809 2766 spirituo
820 2681 980 2767 sapientiae
992 2691 1021 2746 at
1030 2681 1207 2760 intellectus,
1223 2684 1351 2768 miritae
1366 2712 1417 2752 aar.
1426 2715 1454 2751 u.
1464 2715 1482 2752 a

196 2783 316 2848 consilii
332 2793 360 2848 et
374 2783 505 2862 anais,
520 2783 649 2870 spir-itas
659 2783 793 2846 soieatioe
807 2792 835 2848 et
842 2783 980 2869 piatatis,
995 2784 1122 2870 spiritus
1138 2785 1253 2849 timoris
1268 2785 1348 2850 Dei:

196 2907 290 2973 quem
305 2887 407 2972 ipsum
422 2885 534 2950 iterum
555 2885 641 2951 dedit
656 2883 819 2964 Ecclesiae,
844 2886 877 2948 iu
892 2908 1015 2952 omnem
1030 2895 1145 2952 terram
1166 2888 1294 2952 mittens
1312 2890 1351 2954 de

196 2989 286 3055 coelis
302 2987 512 3069 Paracletum,
535 2989 588 3054 ubi
604 2997 636 3053 et
650 2988 807 3053 diabolum
822 2995 982 3075 tamquam
1002 2990 1105 3078 fulgur
1119 2993 1291 3078 projectum
1305 2992 1351 3058 ait
1364 3007 1414 3050 tue·
1423 3021 1444 3049 ι.
1456 3012 1482 3050 ιι

198 3091 364 3157 Dominus.
410 3091 605 3177 Quapropter
619 3089 812 3156 necessarius
823 3091 913 3156 nobis
928 3100 977 3156 est
991 3115 1043 3158 ros
1052 3093 1124 3168 Dei,
1139 3103 1175 3158 ut
1190 3116 1253 3159 non
1267 3117 1351 3159 com-

196 3195 354 3273 buramur,
364 3215 465 3280 neque
477 3193 660 3258 infructuosi
669 3192 849 3271 efficiamur,
859 3201 892 3258 et
902 3195 955 3258 ubi
969 3203 1181 3261 accusatorem
1191 3197 1351 3274 habemus,

197 3297 259 3364 illic
281 3298 452 3363 habeamus
478 3305 511 3362 et
533 3295 768 3370 ⁴Paracletum
792 3297 1033 3364 commendante
1057 3299 1195 3364 Domino
1222 3299 1351 3386 Spiritui

196 3409 307 3466 sancto
321 3422 412 3465 suum
426 3398 611 3477 ὅιιοιιιὶιιειιι,
627 3399 681 3486 qui
696 3397 847 3464 inciderat
857 3399 889 3462 in
903 3399 1049 3478 latrones,
1065 3402 1115 3466 cui
1130 3401 1196 3488 ipse
1208 3404 1353 3469 misertus
1365 3423 1415 3464 aue.
1424 3425 1483 3464 aas.

196 3513 255 3582 est,
286 3512 319 3568 et
347 3502 455 3588 ligavit
484 3501 610 3567 vulnera
634 3503 712 3588 ejus,
739 3501 818 3566 dans
843 3501 905 3567 duo
931 3503 1058 3568 denaria
1084 3507 1209 3592 regalia,
1235 3515 1271 3571 ut
1297 3531 1353 3593 per

197 3605 350 3692 Spiritum
371 3604 541 3690 imaginem
563 3611 596 3668 et
617 3603 853 3688 inscriptionem
876 3605 982 3671 Patris
1003 3615 1036 3670 et
1057 3605 1130 3670 Filii
1153 3607 1351 3692 accipientes,

194 3707 417 3772 fructificemus
449 3705 602 3772 creditum
630 3707 721 3773 nobis
750 3705 921 3782 denarium,
948 3708 1187 3794 multiplicatum
1216 3711 1352 3779 Domino
1366 3728 1518 3824 {glum

195 3819 445 3877 annumerantes.

245 4005 255 4037 ¹
272 4005 435 4055 Samaritanae
444 4004 492 4065 illi,
506 4005 523 4054 i.
533 4005 606 4055 athe
617 4005 750 4056 multitude
800 4023 896 4056 woman
915 4007 935 4055 ia
951 4004 1106 4070 represented
1118 4022 1145 4054 ae
1161 4022 1176 4054 a
1192 4009 1252 4070 type
1268 4007 1298 4055 οι
1309 4008 1353 4056 the

197 4087 331 4137 olGentile
338 4085 468 4147 idolaters;
479 4088 522 4136 the
531 4087 686 4138 Samaritana
693 4105 751 4138 ever
800 4089 906 4137 heathen
918 4089 1003 4137 world.

196 4170 265 4218 since
285 4171 328 4219 the
350 4170 514 4220 substitution
534 4169 563 4218 ol
581 4169 750 4234 Babyloniam
849 4166 976 4218 ’Cusum
994 4167 1089 4230 collau,
1110 4169 1220 4234 possibly
1238 4185 1266 4220 as
1286 4171 1353 4232 πιμιι

196 4251 247 4300 and
258 4253 400 4316 Assyriam,
416 4265 429 4299 a
443 4251 527 4315 Kings
538 4251 596 4300 xvii.
607 4265 646 4312 24,
658 4251 697 4300 for
708 4252 751 4301 tbe
801 4250 939 4309 ἁλλόμενοι.

195 4339 239 4382 ten
252 4332 327 4382 tribes
339 4331 433 4381 carried
443 4347 514 4398 away
526 4333 559 4396 by
568 4331 747 4394 Sbalmaneser‚
850 4331 861 4364 ³
878 4332 931 4394 On,
945 4332 1034 4393 Voss,
1049 4332 1135 4383 Mass.
1150 4333 1222 4396 quod.

196 4429 261 4464 vvere
274 4431 306 4464 an
321 4414 456 4464 idolatmua
471 4429 579 4475 memo
595 4414 695 4463 thaeco
708 4414 751 4464 the
849 4413 917 4464 *καὶ
944 4415 985 4464 ab
1008 4432 1044 4464 τιι
1075 4415 1171 4478 dadprp
1197 4417 1353 4480 παράκλητον

196 4493 275 4554 Jews,
287 4494 429 4544 Samma
443 4494 493 4544 aud
507 4493 611 4544 idolatar
621 4509 684 4542 vara
695 4509 751 4544 oon·
801 4497 889 4556 ἐχομεν
900 4498 973 4544 κ.τ.λ.
995 4509 1004 4544 r
1019 4495 1038 4544 J
1039 4497 1079 4545 ob.
1092 4496 1117 4546 ii.
1133 4511 1154 4546 ι.

198 4577 302 4627 vertible
323 4582 408 4628 terma.
439 4577 527 4628 Hence
545 4577 588 4627 the
611 4577 751 4627 Samariten
849 4576 1128 4628 'laetabundum
1147 4579 1350 4628 emeramnus.
