3334 5070
342 395 409 462 100
711 409 863 463 CHRISTI
888 409 1116 463 nummum

176 579 330 664 trapam
343 560 498 646 vapulare,
514 568 547 627 et
561 561 691 627 alteram
705 563 843 648 praebere
860 561 1028 642 maxillam,
1046 560 1073 626 si
1093 561 1159 645 ipse
1177 559 1252 625 illud
1271 581 1334 626 uon
1354 559 1441 646 prior
1460 559 1495 624 in

178 657 317 758 flfflffi
344 665 474 728 veritate
497 683 608 748 passus
625 673 693 730 est:
717 671 750 728 et
772 661 1033 750 quemadmodum
1053 661 1122 727 illos
1142 662 1276 742 seduxit,
1291 671 1327 726 ut
1341 663 1497 728 videretur

180 765 331 850 ΕΗ-
344 765 391 830 eis
405 765 471 850 ipse
485 765 544 830 hoc
559 767 641 852 quod
656 787 718 829 non
732 774 810 842 erat,
832 775 865 830 et
886 787 943 830 uos
962 764 1092 842 seducit,
1107 765 1277 829 adhortans
1296 765 1430 850 perferre
1446 785 1495 842 ea,

344 889 414 955 quac
429 868 495 954 ipsc
509 889 573 932 non
590 867 729 954 pertulit.
774 867 902 932 Erimus
922 876 1027 931 autem
1046 874 1079 932 et
1095 888 1188 952 super
1206 867 1400 953 magistmm
1420 866 1496 931 dum

342 970 479 1058 patimur
500 979 534 1036 et
559 971 750 1036 sustinemus
778 991 848 1057 quae
877 991 978 1055 neque
1006 991 1117 1055 passus
1143 977 1193 1033 est
1217 990 1318 1054 neque
1346 969 1496 1032 sustinuit

342 1074 501 1160 magister.
547 1072 610 1137 Sed
625 1073 771 1158 quoniam
792 1072 877 1137 solus
892 1093 963 1136 vere
981 1072 1131 1159 magister
1151 1071 1307 1135 Dominus
1329 1080 1444 1148 noster,
1462 1079 1496 1134 et

343 1177 445 1241 bonus
472 1197 544 1241 vere
575 1175 676 1240 Filius
702 1176 763 1240 Dei
792 1184 826 1240 et
851 1175 983 1262 patiens,
1010 1175 1152 1240 Verbum
1180 1173 1239 1238 Dei
1264 1173 1370 1237 Patris
1396 1174 1497 1238 Filius

346 1279 492 1344 Hominis
506 1281 617 1344 factus.
651 1279 804 1345 Luctatus
818 1289 867 1344 est
881 1281 973 1358 enim,
984 1289 1017 1345 et
1026 1279 1120 1345 vicit:
1137 1277 1296 1342 eratenim
1311 1277 1404 1342 homo
1420 1281 1496 1362 1pro

343 1383 484 1468 patribus
500 1390 633 1460 certans,
649 1391 681 1447 et
700 1403 756 1467 per
769 1383 1006 1461 'obedientiam
1025 1381 1265 1446 inobedientiam
1283 1379 1494 1466 ⁸pereolvens:

181 1495 325 1536 Meum
343 1483 482 1568 alligavit
496 1483 579 1548 enim
596 1483 719 1560 fortem,
734 1491 767 1550 et
785 1484 878 1548 solvit
895 1485 1043 1564 infirmos,
1064 1493 1097 1548 et
1114 1483 1246 1550 salutem
1267 1482 1393 1546 donavit
1413 1483 1496 1568 plas-

344 1586 421 1650 mati
437 1607 504 1664 suo,
519 1586 683 1650 destruens
696 1595 870 1670 peccatum.
917 1587 977 1652 Est
992 1587 1076 1652 euim
1094 1587 1253 1671 piissimus
1271 1593 1304 1652 et
1320 1585 1497 1651 misericors

345 1687 509 1766 Dominus,
522 1695 555 1753 et
566 1709 675 1753 amarus
689 1688 858 1754 humanum
873 1711 982 1777 genua

180 1895 321 1980 iiiam
428 1879 460 1950 6.
513 1931 607 1952 .....
621 1877 740 1963 ἥνωσεν
770 1879 832 1966 orio,
864 1883 969 1960 καθὼς
996 1883 1202 1983 προέφαμεν,
1232 1879 1293 1954 τὸν
1324 1878 1497 1977 ἄνθρωπον

178 1988 310 2042 mm·
344 1993 393 2080 τῷ
430 1993 514 2082 Θεῷ.
566 1992 615 2064 Εἰ
645 1992 714 2092 γὰρ
749 1994 794 2077 μὴ
831 1993 1002 2094 ἅνθρωπος
1039 1996 1180 2078 ἐνίκησεν
1210 1994 1271 2076 την
1308 1993 1596 2064 ἆντίπαλονοαια.

343 2109 407 2174 τοῦ
437 2105 619 2204 ἇνθριίνπον,
657 2108 711 2176 οὐκ
741 2104 781 2176 dv
819 2105 944 2185 δικαίως
982 2110 1107 2192 ἐνικήθη
1143 2111 1162 2178 ὁ
1193 2107 1323 2205 ἐχθρός.
1383 2101 1498 2174 Hella

343 2247 392 2300 τε,
417 2217 445 2286 εί
466 2218 511 2302 μίη
536 2220 554 2289 ὁ
585 2217 668 2296 Θεὸς
693 2217 884 2318 ἐδωρήσατο
913 2219 973 2303 την
1000 2221 1174 2320 σωτηρίαν,
1199 2221 1254 2289 οὐκ
1282 2215 1322 2288 civ
1351 2217 1497 2304 βεβαίως

343 2329 489 2426 ἔσχομεν
516 2331 625 2414 αι’κκὴν.
671 2331 742 2401 Kal
765 2335 815 2402 4εί
839 2333 883 2416 μη
911 2335 1072 2416 συνηνώθη
1099 2335 1118 2404 ὁ
1145 2332 1315 2430 ἅνθρωπος
1339 2337 1388 2419 τῷ
1412 2330 1496 2420 Θεῷ,

345 2443 401 2514 οὔκ
434 2440 474 2514 ab
506 2441 639 2528 ἠδυνήθη
667 2455 850 2541 μετασχεῖν
881 2453 939 2528 τῆς
968 2445 1174 2544 ἀφθαρσίας.
1212 2441 1311 2513 Ἔδει
1342 2440 1412 2542 γὰρ
1437 2441 1498 2513 τὸν

343 2556 483 2638 μεσίτην
512 2555 600 2626 θεοῦ
630 2588 670 2627 τε
698 2557 751 2627 καί
784 2557 971 2654 ἀνθρώπων,
995 2555 1048 2628 διὰ
1078 2565 1136 2641 τῆς
1162 2553 1244 2634 ἰδίας
1275 2554 1359 2654 πρὸς
1386 2555 1500 2625 ἕκατί·

403 2751 432 2816 6.
459 2751 589 2818 Haerere
601 2755 707 2840 itaque
719 2755 794 2820 lecit
805 2763 837 2819 et
849 2755 999 2834 adunivit,
1012 2755 1274 2842 quemadmodum
1287 2753 1498 2840 praediximus,

343 2849 501 2914 hominem
524 2851 604 2918 Deo.
644 2854 678 2918 Si
702 2855 786 2918 enim
807 2855 901 2918 homo
923 2877 986 2920 non
1009 2857 1135 2920 vicisset
1164 2855 1325 2918 inimicum
1353 2854 1498 2932 hominis,

343 2972 406 3013 nou
417 2953 503 3036 juste
514 2952 615 3016 victus
629 2963 713 3018 esset
725 2953 877 3019 inimicus.
907 2955 1028 3020 Rursus
1042 2966 1147 3021 autem
1160 2957 1219 3020 nisi
1233 2955 1323 3020 Deus
1335 2955 1500 3020 ⁶donasset

343 3049 488 3128 salutem,
503 3073 566 3115 non
580 3053 711 3119 firmiter
724 3055 910 3120 haberemus
923 3078 1002 3122 eam.
1049 3057 1095 3121 Et
1109 3057 1169 3122 nisi
1187 3057 1281 3120 homo
1297 3057 1501 3142 lconjunctus

342 3151 453 3216 fuisset
468 3153 548 3230 Deo,
564 3175 626 3218 non
636 3155 789 3238 potuisset
802 3157 959 3242 particeps
973 3159 1039 3223 fieri
1055 3159 1365 3243 incorruptibilitatis.
1400 3159 1501 3246 Opor-

342 3263 446 3322 tuerat
460 3257 543 3322 enim
560 3257 767 3325 Mediatorem
783 3261 844 3326 Dei
866 3270 899 3327 et
919 3263 1089 3345 hominum,
1108 3289 1163 3352 per
1184 3287 1273 3331 suam
1295 3265 1336 3330 ad
1353 3273 1501 3351 utrosque

392 3461 459 3526 1μνο
467 3465 587 3527 putridum
599 3467 707 3516 entre»
719 3469 824 3532 πατρῶν.
842 3469 895 3520 'Phe
946 3474 993 3534 ζωὴ
1005 3475 1164 3536 προσεπλάκη
1175 3473 1211 3535 τῷ
1221 3475 1265 3534 τὴν
1273 3475 1365 3537 φθορὰν
1373 3473 1498 3534 δεξαμένῳ,

344 3543 558 3595 readerwillhere
569 3547 678 3608 observe,
690 3549 734 3598 the
745 3551 810 3599 clear
820 3557 895 3602 state·
947 3557 1095 3617 αφανίζουσα
1120 3558 1164 3615 μὲν
1186 3558 1232 3616 τὴν
1257 3557 1356 3618 φθορὰν,
1382 3556 1501 3604 ἀθάνατον

344 3631 414 3676 ment
427 3628 456 3676 oi
467 3629 509 3677 the
520 3629 631 3678 doctrine
642 3631 671 3679 os
679 3631 721 3680 the
731 3632 893 3696 Atonement,
947 3639 973 3688 δὲ
995 3639 1040 3686 τοῦ
1056 3639 1143 3686 λοιποῦ
1162 3640 1190 3687 rt
1209 3638 1333 3698 δεξάμενον
1346 3638 1500 3700 διατηροῦσα.

344 3709 460 3774 whereby
470 3707 542 3759 alone
552 3711 591 3759 sin
603 3711 624 3760 is
635 3711 698 3761 dous
709 3729 790 3778 away.
947 3718 994 3766 Διὰ
1012 3719 1085 3767 τοῦτο
1102 3719 1143 3767 τὸν
1161 3719 1240 3780 Λόγον
1260 3718 1356 3777 ἐδέησεν
1368 3719 1392 3766 ἐν
1408 3719 1503 3774 σώματι

394 3787 406 3821 ¹
421 3791 473 3841 Aa.
487 3791 615 3842 cheud...
625 3792 840 3845 inobaudientiam.
947 3800 1067 3860 γενέσθαι,
1082 3799 1120 3847 ἶνα
1131 3801 1175 3847 τοῦ
1186 3801 1289 3847 θανάτου
1301 3800 1345 3858 τὴν
1357 3799 1420 3848 κατὰ
1432 3800 1503 3860 φύσιν

393 3869 405 3903 ³
417 3873 558 3934 pmolvem,
574 3875 684 3924 διαλύων.
948 3881 1010 3940 ἡμᾶς
1023 3881 1113 3942 φθορᾶς
1127 3881 1283 3942 ἐλευθερώσῃ.
1300 3879 1372 3928 Tom.
1381 3891 1399 3930 1.
1412 3895 1438 3944 p.
1448 3889 1500 3941 1⁷²·

393 3950 405 3982 ⁴
421 3951 519 4001 Jusrru
539 3953 658 4002 Munera
675 3953 724 4003 had
741 3955 841 4021 already
857 3973 897 4006 ex·
997 3959 1008 3992 ⁸
1028 3961 1071 4010 On.
1085 3961 1180 4010 doram
1190 3967 1228 4010 ert.

344 4033 444 4096 preaesd
461 4033 504 4082 the
525 4049 592 4082 same
614 4035 669 4084 idea
690 4037 716 4084 in
738 4037 777 4085 his
799 4039 899 4088 trectise
997 4040 1170 4104 ‘conjunctae
1200 4042 1310 4102 Onnum,
1323 4040 1405 4092 Voss.
1422 4041 1502 4090 coani-

347 4114 410 4161 rert
423 4115 554 4175 Ἐλλίμων,
569 4132 585 4164 a
600 4115 725 4180 fragment
740 4117 769 4165 of
782 4119 863 4168 which
879 4120 899 4169 ie
949 4131 993 4183 tua,
1008 4125 1055 4172 but
1066 4124 1122 4172 that
1133 4124 1201 4172 word
1213 4138 1299 4172 occurs
1314 4123 1429 4170 nowhere
1444 4121 1500 4170 else.

347 4193 425 4243 found
436 4197 462 4244 iu
473 4199 517 4245 the
528 4215 631 4262 passage
646 4201 675 4248 ol
684 4201 723 4248 his
734 4201 858 4265 spicam,
872 4209 899 4252 to
950 4203 977 4253 It
988 4205 1077 4253 should
1089 4205 1152 4254 have
1163 4206 1225 4253 been
1234 4203 1366 4262 αθιιιιαειιε,
1376 4219 1405 4252 or
1413 4203 1504 4268 simply

347 4275 428 4322 which
446 4275 541 4325 Gaas!
557 4279 633 4328 refers
650 4281 693 4328 the
710 4283 808 4330 reader:
828 4286 899 4345 φύσει
950 4285 1039 4334 uaitm.
1069 4285 1169 4346 Ihave,
1189 4285 1318 4346 therefore,
1332 4285 1444 4333 retained
1460 4285 1503 4332 the

348 4353 375 4402 δὲ
388 4355 431 4412 Til*
448 4357 750 4422 abrincatensem,
771 4365 901 4424 ἀναγκαῖον
950 4367 1019 4415 word
1040 4367 1149 4430 adopted
1170 4368 1206 4431 by
1223 4365 1318 4416 Gneus
1335 4365 1400 4414 from
1417 4366 1504 4414 earlier

348 4432 384 4492 ἦν,
405 4435 443 4481 ὅτι
465 4437 543 4483 σῶσαι
561 4440 703 4498 βουλόμενος
720 4441 738 4500 ἤ
753 4445 798 4501 τὴν
816 4447 900 4507 adope-
950 4446 1063 4506 editions,
1077 4449 1159 4496 where
1170 4449 1190 4496 it
1202 4463 1252 4496 was
1263 4447 1362 4511 printed
1377 4463 1410 4494 no
1424 4446 1504 4495 doubt

349 4514 417 4560 ποιὸν
430 4515 511 4562 οὐσίαν
527 4517 653 4576 ἀφανίσας.
683 4521 760 4567 Τοῦτο
771 4523 798 4570 δὲ
813 4526 854 4571 οὐκ
871 4525 901 4584 ἤν
951 4541 1017 4588 upon
1036 4526 1159 4574 sufficient
1182 4527 1239 4576 MS.
1264 4527 1400 4590 authority.
1428 4517 1501 4586 Ἀα,

349 4593 434 4654 ἑτέρως
449 4595 569 4656 γενέσθαι,
589 4598 610 4644 εἰ
624 4599 705 4659 μήπερ
720 4599 736 4658 i
751 4604 815 4650 κατὰ
830 4605 902 4663 φύσιν
952 4605 1039 4654 Maso.
1053 4617 1082 4656 11.
1095 4607 1145 4654 and
1156 4605 1260 4657 Enseu.
1273 4608 1337 4656 have
1348 4605 1461 4669 εοηιιίειιι.
