3334 5070
733 447 893 500 CHRISTI.
998 501 1000 508 Α
1340 435 1383 497 85

232 597 394 664 Orientem
415 607 447 664 et
467 599 597 686 justum,
619 607 651 664 et
671 599 770 664 erexit
790 599 818 664 ei
835 622 930 665 cornu
946 599 1065 678 salutis,
1082 607 1115 664 et
1129 601 1288 665 suscitavit
1302 600 1382 666 testi·
1419 621 1522 710 nrsprp.

230 705 364 766 samnium
378 702 413 766 in
427 701 534 778 Jacob,
555 702 814 787 quemadmodum
835 703 937 768 David
956 724 1066 768 causas
1083 702 1294 789 generationis
1314 705 1382 789 ejus
1396 681 1546 802 fllffg'lffipi·

231 787 387 868 disserens
401 803 456 880 ait,
467 814 496 868 et
510 804 600 889 tapam
604 803 711 888 posuit
726 803 760 868 in
775 804 886 882 Israel,
899 813 933 868 ut
944 814 1096 890 cognoscat
1108 806 1262 890 pancratio
1270 805 1381 883 attero,
1434 808 1477 848 ”l
1488 811 1506 848 ³

222 906 291 988 filii
306 909 360 994 qui
374 917 537 972 nmccntur
551 929 588 971 aa·
601 906 658 984 itia,
674 917 701 971 et
720 907 782 992 ipsi
799 917 986 992 assurgentes
1003 906 1191 972 enarrabunt
1205 907 1288 990 filiis
1308 909 1381 984 suis,
1396 930 1532 1016 pepp&

232 1020 266 1075 ut
283 1021 403 1096 ponant
426 1013 461 1076 in
482 1012 582 1076 Deam
603 1032 686 1098 spem
707 1033 804 1088 suurn,
828 1021 856 1076 at
869 1022 1027 1096 praccepta
1043 1011 1106 1094 cy‘us
1120 1013 1292 1097 ecqruiront.
1338 1011 1381 1075 Et
1394 1005 1440 1068 θά-
1505 1004 1511 1016 ’
1533 1006 1539 1024 ’

232 1133 339 1179 rursus
363 1115 493 1200 angelus
518 1115 731 1200 evangelisans
760 1114 882 1193 Mariae,
913 1113 977 1180 ait:
1011 1115 1076 1178 Hic
1106 1115 1166 1178 crit
1188 1135 1325 1198 maenus,
1355 1123 1383 1178 ct
1396 1146 1445 1186 nuc.
1458 1147 1510 1186 nes,

231 1217 340 1282 Filius
368 1217 523 1282 Altissimi
544 1216 709 1292 occulitur,
728 1226 755 1280 ct
777 1216 863 1281 dedit
889 1217 917 1281 ci
943 1217 1095 1280 Dominus
1113 1218 1252 1281 tironum
1274 1217 1386 1281 David

225 1322 333 1404 patras
345 1322 417 1394 sui,·
441 1341 513 1384 eum
528 1319 580 1406 qni
599 1319 642 1384 sit
664 1319 764 1382 Filius
782 1319 950 1397 Altissinri,
969 1319 1052 1384 hnno
1069 1319 1201 1383 eundem
1225 1327 1257 1384 et
1280 1319 1384 1384 David

232 1423 330 1486 filium
353 1423 515 1488 confitens.
571 1422 669 1510 Oujus
692 1431 725 1486 et
752 1421 854 1485 David
881 1422 1118 1508 dispositionem
1146 1423 1299 1486 adventus
1328 1444 1384 1507 per

234 1525 385 1610 Spiritum
417 1546 618 1610 cognoscens,
648 1545 703 1610 per
733 1545 827 1610 quam
857 1524 1021 1588 dominans
1052 1531 1101 1588 est
1133 1524 1273 1588 omniurn
1298 1525 1383 1590 vivo·
1397 1551 1537 1590 somnes.

232 1649 301 1692 rum
325 1636 576 1702 emortuorum,
602 1626 774 1690 Dominum
797 1647 869 1690 eum
893 1626 1052 1690 confessus
1075 1634 1134 1701 est,
1160 1626 1321 1691 sedentem
1343 1627 1383 1691 ad
1398 1646 1506 1687 eaesi.

232 1731 376 1794 dextram
392 1729 498 1793 Patris
511 1727 666 1792 altissimi.
712 1728 757 1791 Et
779 1728 905 1792 Simeon
923 1736 1029 1792 autern
1051 1729 1110 1806 ille,
1127 1729 1178 1814 qui
1199 1750 1384 1813 responsum

231 1841 395 1918 acceperat
416 1853 436 1895 a
459 1831 578 1917 Spiritu
597 1839 717 1909 sancto,
734 1853 797 1896 non
811 1831 947 1896 visurum
972 1854 1044 1896 eum
1064 1843 1206 1909 mortem,
1222 1833 1282 1896 nisi
1298 1833 1384 1918 prius

231 1935 350 1999 videret
366 1934 523 1999 Christum
539 1933 562 1997 J
565 1955 662 2011 esum,
678 1934 760 1998 hune
776 1935 919 1998 manibus
934 1935 1089 2020 accipiens
1106 1935 1250 2022 Virginis
1269 1935 1384 2020 prirno-

231 2037 383 2125 genitum,
404 2036 566 2100 benedixit
590 2035 704 2114 Deum,
723 2045 756 2102 et
777 2037 875 2102 dixit:
900 2039 996 2102 Nunc
1019 2037 1150 2102 dimittis
1163 2061 1283 2103 sarcum
1298 2049 1383 2104 tuum
1395 2057 1446 2142 Ἐς
1458 2056 1512 2096 um

231 2141 372 2218 Domina,
385 2139 547 2204 seeundum
562 2139 683 2205 carium
702 2149 786 2204 tuam
800 2141 835 2204 in
849 2161 948 2225 pace:
972 2141 1046 2225 quio
1062 2141 1205 2205 ciderunt
1221 2143 1303 2206 oculi
1324 2143 1384 2207 mci
1441 2128 1448 2143 ⁸

231 2245 367 2309 satutare
385 2253 490 2308 tuom:
515 2242 595 2330 quod
609 2245 804 2328 properasti
821 2253 892 2308 ente
901 2244 1020 2328 sociem
1037 2246 1170 2308 omnium
1186 2246 1382 2330 populumne,

232 2347 333 2411 lumen
346 2347 397 2410 ¹in
416 2345 625 2410 revelationem
639 2347 786 2430 pentima,
806 2355 835 2410 et
854 2345 987 2429 pieriam
1000 2347 1109 2432 populi
1127 2348 1174 2410 tui
1192 2347 1313 2421 Israel,·
1338 2349 1384 2412 in-

232 2449 350 2513 fantem
362 2471 454 2535 quem
469 2449 501 2512 in
517 2448 660 2512 manibus
675 2449 821 2532 portabat
839 2448 862 2512 J
864 2469 962 2525 esum,
979 2458 1086 2512 natum
1098 2471 1138 2512 ex
1153 2449 1266 2526 Maria,
1283 2449 1384 2534 ipsum

231 2553 385 2617 confitens
405 2573 474 2617 esse
490 2551 650 2616 Christum
672 2550 789 2614 Filium
810 2551 882 2627 Dei,
909 2551 1012 2615 lumen
1027 2551 1190 2626 'omniurn
1206 2561 1239 2614 et
1253 2551 1384 2638 gloriam

233 2655 331 2741 ipsius
347 2655 454 2734 lsrael,
470 2663 503 2720 et
523 2676 632 2741 pacem
648 2661 680 2719 et
694 2654 889 2741 refrigerium
905 2677 1012 2720 eorum
1030 2655 1083 2739 qui
1110 2655 1142 2718 in
1166 2655 1384 2722 dormitionem

231 2760 343 2824 ierunt.

297 2866 328 2926 4.
374 2861 451 2925 Jarn
485 2861 568 2927 enim
597 2861 791 2947 exspoliabat
820 2861 972 2940 homines,
1002 2863 1145 2928 auserem
1175 2863 1383 2950 ignorantiam

231 2965 378 3050 ipsorum,
399 2987 488 3029 suam
510 2973 616 3028 autern
637 2964 831 3051 agnitionem
853 2963 899 3029 eis
921 2964 1051 3043 donans,
1076 2973 1108 3030 et
1134 2965 1383 3049 dispertitionem

230 3067 348 3133 iaciens
373 3089 480 3132 eonrm
510 3067 563 3152 qui
593 3067 823 3153 cognoscebant
849 3090 931 3145 eum,
962 3068 1222 3154 quemadmodum
1249 3069 1381 3134 Esaias:

239 3169 329 3248 Voce,
360 3169 470 3256 inquit,
498 3191 604 3234 noman
627 3171 691 3254 ejus
716 3169 864 3235 Velociter
890 3171 999 3255 spolie,
1031 3171 1175 3235 Celeriter
1202 3171 1382 3256 dispartire.
1397 3197 1531 3236 mesmes.

232 3273 314 3338 Haec
336 3283 410 3338 sunt
431 3281 536 3338 autem
558 3295 652 3359 opera
675 3273 801 3337 (lhristi.
842 3273 914 3359 lpse
929 3272 1025 3360 igitur
1038 3281 1107 3338 erat
1122 3273 1275 3351 Christus,
1291 3295 1384 3360 quem

231 3386 359 3460 portans
389 3375 515 3440 Simeon
544 3375 747 3439 benedicebat
774 3375 992 3450 Altissimum;
1029 3399 1120 3462 quern
1143 3385 1284 3461 pastores
1311 3399 1382 3442 curn
1397 3403 1516 3442 suarim

230 3479 391 3558 vidissent,
411 3479 626 3566 glorificabant
652 3479 766 3556 Deum,
791 3501 883 3566 quem
912 3480 1086 3559 Johannes,
1117 3503 1188 3546 curn
1217 3482 1319 3546 adhue
1349 3482 1382 3545 in
1395 3505 1445 3546 nus.
1455 3507 1468 3544 r.
1478 3507 1508 3544 n.

230 3591 336 3648 ventre
358 3581 555 3647 matrissuae
577 3590 670 3658 esset,
686 3590 720 3646 at
742 3582 792 3647 ille
810 3582 842 3645 in
859 3583 947 3646 vulva
966 3584 1089 3662 Mariae,
1116 3584 1287 3649 Dominum
1309 3607 1382 3671 cog-

230 3707 371 3762 noscens,
384 3684 544 3750 exsultans
554 3685 728 3760 salutabat;
751 3707 843 3770 quern
856 3685 945 3772 Magi
958 3685 1106 3763 videntes,
1119 3695 1152 3750 et
1160 3687 1335 3763 adorantes,
1348 3695 1381 3750 et
1395 3703 1453 3788 ppo
1466 3704 1487 3742 1³·
1498 3705 1527 3751 ιι,

229 3790 394 3854 afferentes
413 3810 551 3864 munera,
568 3809 639 3874 quse
658 3789 869 3874 praediximus
892 3798 925 3854 et
943 3791 1177 3854 substernentes
1197 3789 1382 3874 semetipsos

228 3899 346 3956 aeterno
362 3889 452 3977 Regi,
468 3913 523 3975 per
536 3891 665 3954 alteram
680 3891 824 3956 abierunt
838 3891 930 3968 viam,
946 3913 1008 3955 non
1028 3893 1094 3976 jam
1111 3914 1165 3977 per
1181 3891 1381 3976 Assyriorum

230 4001 419 4056 revertentes
434 3993 524 4056 viam.
568 3992 776 4078 ³Priusquam
791 3993 872 4058 enirn
886 4002 1034 4078 eognoscat
1048 4013 1132 4077 puer
1145 4013 1251 4055 vocare
1258 4001 1382 4076 patrem
1395 4017 1447 4058 aar.
1458 4019 1501 4059 vni.
1511 4023 1530 4060 ⁴.

229 4105 286 4160 aut
305 4105 443 4174 metram,
460 4095 590 4181 accipiet
604 4095 747 4160 virtutem
762 4095 921 4172 Damasci,
937 4103 965 4158 at
977 4095 1076 4180 spolia
1092 4094 1258 4172 Samaria,
1275 4102 1382 4158 ceretro

278 4308 562 4369 maceramus.
831 4307 1000 4372 ostheMagi.
1030 4307 1162 4356 SeeJosn.
1176 4307 1213 4356 M.
1223 4305 1294 4356 Diat.
1307 4324 1327 4356 e.
1341 4318 1378 4369 77,

279 4388 780 4454 ⁸On.,Voss.,tcminum,butcf.Joh.i.9.
834 4391 877 4450 78;
894 4389 1021 4437 Tnnrunn.
1036 4387 1091 4438 adu.
1102 4387 1164 4438 thd.
1175 4402 1190 4452 9
1197 4404 1204 4447 ;
1216 4402 1234 4436 c.
1248 4387 1329 4437 Marc.
1338 4399 1380 4437 111.

279 4473 365 4522 8This
383 4477 438 4522 text
457 4473 486 4520 ol'
504 4473 548 4521 the
569 4471 676 4536 prophet
698 4471 782 4520 Isaiah
834 4483 870 4530 13.
899 4469 1048 4518 Thereader
1061 4469 1382 4534 msycomparethainter·

230 4570 281 4602 was
298 4553 439 4602 considered
456 4558 483 4602 at
499 4569 514 4600 n
527 4568 588 4616 very
601 4551 670 4616 early
681 4550 738 4599 date
754 4557 781 4599 to
830 4551 953 4614 pretation
966 4550 1059 4610 offered
1076 4552 1102 4598 in
1117 4551 1159 4599 the
1175 4549 1282 4599 Editor's
1296 4549 1381 4610 episc.

229 4637 289 4685 bear
300 4637 414 4700 mysticat
424 4636 547 4684 reference
558 4641 584 4684 to
599 4635 643 4683 the
653 4633 781 4682 adoration
831 4648 861 4680 on
874 4631 911 4680 the
924 4632 1018 4692 Graecis,
1031 4647 1056 4696 p.
1072 4632 1126 4694 ²7⁸·
