3270 5080
570 387 777 443 aneensem
803 389 879 440 uer.
1236 369 1302 440 217

150 557 208 632 Τῆς
234 550 478 648 λαμπρότητος
491 601 586 618 ·····
600 547 679 650 ζωῆς
702 545 756 620 οὖν
778 545 972 642 μεθέξουσιν
994 551 1027 618 oi
1047 551 1185 648 ὁρῶντες
1207 547 1303 619 Θεόν.
1338 560 1439 647 iid'vld

152 661 223 732 Καὶ
256 660 308 733 διὰ
337 667 443 735 τοῦτο
468 663 487 733 ὁ
516 659 690 760 ἆχιίρητος
721 660 774 732 καί
804 656 1044 743 εἰκατιίληπτος
1070 660 1125 732 καί
1149 661 1303 760 ἀόρατος,
1345 652 1448 784 ‘22va

153 777 314 873 ὁρώμενον
350 771 474 859 ἑαυτὸν,
512 773 567 844 καὶ
609 774 961 862 καταλαμβανόμενον,
1004 773 1058 845 καί
1099 775 1305 873 χωρούμενον
1328 745 1421 831 ”ffb
1450 771 1455 782 '

1320 870 1473 883 —mq

152 897 224 964 τοῖς
249 892 404 964 ιπιστοῖς
428 887 607 986 παρέσχεν·
635 887 687 958 ἵνα
715 885 903 988 ζωοτοιῆση
932 886 1008 964 τοὺς
1036 893 1225 986 χωροῦντας
1249 885 1304 957 καὶ

152 1001 345 1102 βλέποντας
372 998 472 1072 αὑτὸν
496 997 567 1070 'dud
591 1000 744 1075 πίστεως.
788 999 842 1076 Ὡς
872 996 940 1098 γὰρ
966 997 1010 1072 τὸ
1033 1001 1175 1091 με’γεθος
1204 1000 1309 1071 odron?

152 1112 415 1210 ἀνεξιχνίαστον,
443 1107 546 1189 οὕτως
572 1113 624 1183 καί
654 1115 671 1194 ῆ
703 1111 874 1202 ἆγαθότης
901 1112 1003 1184 αὐτοῦ
1028 1108 1237 1206 ἆνεξῆγητος,
1266 1109 1304 1182 dc'

153 1225 187 1309 ῆς
205 1226 414 1313 βλεπόμενος
442 1223 587 1296 ἐνδίδωσι
601 1277 609 1294 .
623 1277 631 1294 .
643 1276 652 1292 .
664 1229 756 1300 ’τοῖς
781 1225 903 1323 ὁρῶσιν
924 1225 1035 1298 αὖτιίν.
1081 1221 1179 1298 Ἐπεί
1208 1221 1307 1326 ζῆσαι

153 1337 227 1410 ι’ίνεν
259 1337 338 1438 ζωῆς
366 1339 430 1434 οὐχ
461 1335 530 1409 οἷόν
560 1368 601 1409 τε
631 1335 676 1420 ῆν·
706 1340 724 1418 ri
757 1334 792 1408 dd
822 1333 961 1436 ὕπαρξις
990 1345 1049 1421 τῆς
1079 1334 1159 1438 ζωῆς
1188 1337 1223 1406 ἐκ
1249 1345 1307 1420 τῆς

153 1456 216 1523 τοῦ
250 1450 339 1520 Θεοῦ
374 1451 577 1549 περιγίνεται
614 1456 771 1545 μετοχῆς·
805 1449 937 1546 μετοχὴ
967 1447 1002 1520 δὲ
1038 1449 1126 1522 Θεοῦ
1157 1450 1231 1522 ε’στι
1263 1447 1308 1522 τί)

155 1564 324 1655 γινώσκειν
347 1562 442 1648 Θεὸν,
468 1563 522 1634 καί
548 1563 729 1634 ιἰπολαιίειν
754 1563 814 1646 τῆς
840 1562 1079 1662 χρηστότητος
1101 1563 1211 1634 αὑτοῦ.

153 1743 328 1832 percipiunt
342 1765 417 1834 ergo
430 1745 536 1823 vitam,
557 1745 732 1830 quivident
749 1745 864 1812 Deum.
903 1745 948 1812 Et
967 1755 1094 1832 propter
1108 1745 1168 1810 boo
1183 1745 1309 1830 incapa-

153 1847 234 1924 bilis,
257 1854 290 1912 et
311 1847 638 1935 incomprehensibilis,
660 1849 728 1937 ⁸[et
750 1847 927 1934 invisibilis]
947 1848 1099 1914 visibilem
1120 1869 1156 1914 se
1175 1855 1208 1912 et
1225 1869 1310 1912 eom-

154 1951 401 2034 prehensibilem,
424 1959 457 2016 et
479 1972 626 2036 capacem
647 1951 825 2016 hominibus
845 1959 985 2038 praestat,
1005 1959 1042 2016 ut
1057 1949 1191 2016 vivificet
1212 1951 1310 2036 perei-

155 2051 277 2138 pientes
304 2061 338 2118 et
363 2053 504 2118 videntes
532 2073 578 2118 se.
624 2053 894 2135 Quemadmodum
920 2055 1004 2119 enim
1030 2054 1214 2142 magnitudo
1242 2055 1311 2140 ejus

155 2155 379 2242 investigabilia
396 2161 476 2234 ⁴est‚
496 2157 542 2222 sie
563 2164 596 2222 et
613 2157 790 2243 benignitas
804 2158 873 2244 ejus
887 2157 1115 2224 inenarrabilis:
1140 2179 1196 2243 per
1217 2179 1311 2245 quam

156 2257 241 2323 visus
254 2259 351 2323 vitam
365 2267 495 2346 praestat
514 2259 554 2324 iis
568 2259 743 2344 quivident
759 2282 842 2326 eum.
880 2260 1035 2342 Quoniam
1049 2260 1151 2325 vivere
1164 2262 1232 2325 sine
1246 2261 1311 2326 vita

156 2359 347 2446 impossibile
369 2369 437 2428 est:
468 2361 671 2426 subsistentia
690 2363 762 2426 vitae
789 2371 895 2428 autem
918 2363 957 2428 de
984 2362 1046 2427 Dei
1072 2363 1311 2448 participatione

157 2463 273 2528 evenit:
298 2463 496 2550 participatio
513 2472 620 2528 autem
636 2463 715 2528 ¹⁵Dei
735 2473 785 2528 est
805 2463 910 2529 videre
932 2461 1046 2542 Deum,
1069 2471 1103 2528 et
1121 2463 1183 2528 frui
1204 2463 1312 2550 benig·

158 2566 258 2631 nitate
272 2569 354 2655 ejus;
375 2568 575 2633 ⁶etbomines
585 2567 681 2654 igitur
690 2567 839 2633 videbunt
850 2567 964 2646 Deum,
977 2575 1014 2632 ut
1023 2567 1137 2646 vivant,
1151 2589 1206 2653 per
1219 2567 1311 2632 visio-

158 2689 231 2732 nem
242 2669 431 2736 immortalea
442 2670 517 2736 faeti
532 2678 564 2735 et
576 2670 788 2758 pertingentes
802 2693 900 2758 usque
915 2669 965 2734 ⁶in
977 2669 1092 2736 Deum.
1119 2671 1220 2753 Quod,
1230 2669 1312 2750 deut

157 2771 298 2856 praedixi,
321 2793 377 2857 per
398 2773 565 2860 propbetas
586 2773 757 2860 figuraliter
778 2774 1044 2851 manifestabatur,
1065 2773 1212 2860 quoniam
1229 2772 1312 2838 vide-

157 2872 243 2938 bitur
265 2873 354 2939 Deus
374 2877 415 2940 ab
436 2875 612 2941 hominibus
633 2875 685 2962 qui
707 2883 834 2963 portant
859 2876 1011 2962 Spiritum
1036 2876 1114 2962 ejus,
1137 2883 1170 2940 et
1190 2896 1314 2961 semper

158 2977 326 3043 adventum
347 2979 434 3065 'ejus
454 2979 620 3046 sustinent.
674 2979 943 3062 Quemadmodum
958 2987 991 3044 et
1014 2979 1047 3043 in
1067 2978 1312 3044 Deuteronomio

160 3081 338 3148 Mosesait:
362 3083 406 3149 Ia
420 3084 471 3150 die
485 3085 546 3150 istu
560 3083 737 3164 uidebimus,
751 3085 897 3172 quoniam
907 3084 1057 3171 depastus·
1067 3083 1153 3150 Deua
1167 3083 1312 3150 adtami-
1325 3111 1387 3152 nna
1396 3111 1454 3152 esa

158 3209 235 3266 οων,
251 3197 279 3253 et
292 3187 383 3253 οίοοτ.
417 3187 553 3270 Quidam
564 3187 762 3253 enimeorum
772 3187 918 3254 videbant
934 3187 1086 3276 Spiritum
1097 3187 1314 3276 propheticum

47 3321 77 3359 e.
87 3319 134 3359 aaa
159 3298 191 3355 et
200 3289 395 3376 operationes
409 3290 516 3376 ejusin
525 3291 630 3356 omnia
643 3312 759 3378 genera
767 3291 990 3358 charismatum
999 3291 1150 3357 ⁰effusas:
1174 3291 1227 3356 alii
1240 3302 1314 3359 vero

159 3393 325 3459 adventum
340 3393 480 3474 Domini,
497 3402 531 3460 et
551 3416 621 3460 eam
640 3418 710 3482 quae
730 3403 780 3462 est
796 3395 837 3460 ab
859 3395 950 3462 initio
972 3395 1312 3476 ¹⁰administrationem,
1332 3395 1334 3398 ’

161 3563 247 3626 MSS,
260 3565 307 3615 but
322 3567 366 3615 the
382 3566 466 3616 Greek
481 3571 545 3628 text,
559 3567 656 3632 though
673 3567 713 3616 de-
812 3566 823 3599 θ
839 3568 940 3618 Omra
952 3567 995 3617 ud.

159 3647 258 3707 festive,
270 3648 297 3696 in
314 3664 330 3696 a
345 3649 439 3697 eertain
453 3665 566 3699 measure
577 3654 666 3700 attoets
679 3650 713 3699 its
811 3647 823 3682 ⁷
839 3648 854 3698 1
868 3655 968 3710 restore,
982 3649 1043 3699 with
1060 3648 1198 3708 Massam
1216 3648 1272 3710 ejus,
1286 3663 1314 3696 aa

161 3727 332 3790 genuineness.
759 3727 785 3775 in
800 3727 844 3776 the
863 3727 964 3776 Omra.
976 3727 1028 3775 and
1038 3724 1118 3775 Voss.
1132 3725 1218 3786 MSS,
1232 3726 1258 3773 in
1271 3725 1315 3774 the

211 3805 220 3839 ¹
238 3809 340 3858 πιστοῖς.
374 3807 428 3858 Tha
444 3809 580 3859 translator
596 3810 656 3860 read
673 3811 713 3860 ἀν-
760 3809 830 3873 plaoa
848 3809 878 3858 of
894 3807 992 3868 Ultrs'ati,
1013 3809 1066 3859 Aa.
1107 3807 1136 3857 It
1154 3809 1175 3857 is
1197 3807 1315 3873 probable

163 3889 273 3951 θρώποις,
286 3889 336 3938 and
350 3890 425 3938 emita
436 3891 476 3939 dud
488 3891 599 3952 πίστεως,
614 3893 660 3942 but
670 3893 714 3942 tbe
760 3893 818 3942 that
835 3893 877 3942 the
889 3905 1005 3956 pronoun
1016 3905 1067 3940 was
1077 3889 1138 3938 read
1148 3905 1177 3938 aa
1187 3889 1264 3948 Joeue,
1277 3888 1316 3937 for

162 3971 247 4020 Greek
268 3975 323 4020 text
344 3972 430 4020 makes
452 3971 487 4036 by
508 3973 547 4021 far
567 3974 611 4023 the
633 3973 715 4024 better
761 3975 843 4024 wbieb
852 3973 998 4025 Obriatiwaa
1008 3973 1070 4022 then
1081 3970 1242 4021 substituted.
1263 3970 1316 4021 But

162 4069 241 4102 sense.
762 4059 805 4107 the
815 4055 1002 4106 manifestation
1017 4055 1046 4103 of
1057 4053 1115 4104 God
1129 4053 1206 4103 istbe
1219 4053 1316 4114 subject

211 4131 327 4196 ’Suppd
340 4133 465 4193 rbrdbtdv.
762 4137 909 4188 nownnder
919 4136 1108 4187 consideration.

211 4213 224 4248 ⁸
239 4213 405 4276 ιιίηνίςῶίιιε,
416 4214 525 4264 inserted
535 4215 713 4280 byMassorr,
812 4219 824 4253 ⁸
840 4220 902 4280 Aa,
914 4218 995 4269 Voss.
1009 4217 1124 4282 opero.

162 4297 283 4346 sromtbe
294 4296 386 4346 Greek.
812 4300 971 4354 ’Massam
988 4300 1050 4360 first,
1069 4299 1163 4362 εὔνοοι,
1187 4297 1252 4349 from
1273 4299 1318 4348 tbe

212 4376 224 4409 ⁴
234 4383 273 4438 eat,
290 4377 423 4442 expunged
437 4379 472 4443 by
487 4377 589 4438 aaran,
610 4379 661 4428 and
679 4396 716 4429 re·
764 4381 845 4431 Voss.
858 4381 915 4432 MS.
945 4382 996 4431 d'be
1012 4381 1118 4430 ooneord
1130 4381 1182 4430 also
1193 4381 1277 4431 worrld
1288 4381 1319 4428 be

164 4459 247 4508 atored
269 4460 304 4525 by
326 4459 413 4510 Mass.
434 4461 455 4510 is
477 4461 596 4522 retained,
615 4461 654 4511 for
675 4463 719 4512 the
765 4464 826 4513 with
838 4465 1013 4526 πραγματείας.
1048 4463 1100 4511 Aa.
1113 4462 1196 4524 offusa.

166 4541 267 4590 Onnum
279 4540 390 4592 andAm
405 4542 483 4593 MSS.
496 4543 559 4593 both
569 4544 633 4593 bave
644 4544 672 4593 it.
822 4544 845 4577 ¹⁰
872 4543 1117 4605 monueram,
1175 4542 1316 4604 οἱκονομίῦνι

214 4623 226 4655 ³
241 4623 294 4674 Aa.
304 4625 379 4674 omits
390 4625 446 4676 Dei.
481 4625 518 4688 Et,
533 4625 587 4690 Cn,
602 4625 682 4676 Voss.
765 4626 862 4690 though
874 4625 969 4675 Gum
979 4624 1072 4690 prefers
1084 4624 1209 4674 διακονίαν.

265 4731 339 4778 von.
358 4733 392 4779 11.
1178 4712 1221 4774 14
