3292 5068
313 347 356 411 66
696 353 779 408 UNA
801 353 849 406 ΕΤ
875 349 1065 406 constans

168 535 222 622 ²}ss
233 533 276 621 gl·
308 524 408 613 podir,
423 523 627 610 sedpromisit
640 521 717 587 dare
731 521 774 586 'a'
787 521 822 586 ia
835 521 1134 608 praesummant,
1149 525 1179 582 et
1196 515 1304 580 semim
1322 513 1387 598 qua
1398 519 1468 599 post

153 626 294 714 2533·ss
317 649 394 694 auo.
443 627 571 692 bovatas
583 633 625 691 eo
638 635 739 690 oulen
754 625 798 688 aio
812 625 897 688 Deos
917 623 963 686 od
975 644 1051 700 eum,
1067 621 1208 709 pleniora
1223 620 1282 684 erit
1294 637 1392 682 semea
1405 614 1469 699 ojus

158 719 303 802 ffll..
309 730 515 818 peroyrioom
528 729 563 794 io
577 737 663 794 toruo
676 728 789 806 oliam
804 737 834 792 et
843 728 878 792 io
891 727 1062 791 seroitmm
1076 724 1263 810 rediqodur,
1278 731 1307 786 et
1321 717 1469 784 amolior·
1481 739 1512 780 u.
1521 741 1565 782 res

318 841 371 898 tur
393 833 483 897 anub
501 832 741 918 quadrimam,
761 840 789 896 et
805 839 921 916 petatem
938 830 990 894 oui
1010 829 1147 906 sorvabat,
1158 823 1304 912 judicabo
1318 845 1378 908 opo,
1394 821 1471 886 dicit

318 935 478 1001 Dominae.
510 929 1252 1020 Etpostoaeeieototsoroientmiliioistoboo.
1285 926 1471 992 Etdede'tol

320 1045 524 1102 temonwntum
552 1037 796 1114 cirumcisionis,
826 1043 855 1101 et
882 1033 926 1098 sio
948 1034 1106 1118 peraravit
1134 1033 1234 1096 Isaeo.
1281 1029 1326 1094 Et
1352 1029 1472 1114 reliqua

319 1148 425 1206 autem
449 1140 613 1206 verbomm
635 1139 703 1225 ejus
727 1138 859 1204 eundem
886 1136 991 1202 Deum
1013 1135 1211 1211 annuntiant,
1234 1131 1287 1218 qni
1312 1131 1372 1196 luit
1400 1151 1472 1196 oum

322 1242 346 1307 J
348 1242 455 1328 osepb,
469 1249 503 1308 et
517 1263 589 1307 eum
603 1240 798 1327 patriarchis,
814 1240 868 1326 qui
883 1247 917 1306 et
930 1239 1102 1306 oollooutus
1116 1245 1166 1303 est
1182 1235 1299 1324 Moysi.

388 1346 441 1410 14.
485 1343 531 1407 Et
556 1363 680 1407 omnem
706 1343 931 1428 Apostolorum
957 1341 1131 1407 doctrinam
1157 1361 1254 1405 unum
1279 1345 1313 1403 et
1340 1337 1474 1402 eundem

323 1445 428 1512 Deum
454 1445 666 1522 annuntiasse,
697 1444 750 1529 qui
776 1444 936 1510 transtulit
963 1443 1136 1521 Abrabam,
1162 1441 1216 1528 qui
1237 1439 1475 1526 promissionem

322 1547 516 1614 baereditatis
530 1546 560 1613 ei
574 1547 659 1626 feeit,
674 1546 729 1632 qui
749 1553 974 1613 testamentum
988 1544 1232 1612 eironmoisionis
1245 1551 1321 1631 apto
1334 1549 1475 1627 tempore

322 1650 420 1730 dedit,
435 1650 489 1736 qui
503 1671 544 1716 ex
558 1651 705 1738 AEgypto
718 1651 840 1716 vocavit
854 1671 962 1715 semen
977 1649 1055 1735 ejus,
1070 1656 1228 1714 servatum
1241 1645 1406 1712 manifeste
1420 1665 1476 1730 per

323 1751 601 1831 circumcisionem,
621 1751 655 1818 in
668 1751 760 1840 signo
777 1752 862 1818 enim
882 1752 970 1838 dedit
990 1773 1071 1831 eam,
1093 1759 1130 1817 ut
1150 1771 1214 1816 non
1233 1749 1352 1816 similes
1370 1755 1477 1814 essent

324 1855 501 1944 AEgyptiis,
520 1856 604 1921 huno
626 1855 776 1922 faetorem
795 1855 946 1934 omniurn,
970 1855 1054 1922 huno
1074 1855 1204 1920 Patrem
1224 1851 1353 1918 Domini
1376 1849 1475 1936 nostri

324 1959 349 2024 J
350 1981 406 2025 esu
416 1957 545 2038 Gbristi,
560 1958 644 2025 bimo
654 1959 758 2024 Deum
768 1959 931 2040 claritatis,
946 1983 987 2026 ex
1001 1961 1079 2047 ipsis
1092 1959 1289 2027 sermonibus
1298 1967 1332 2026 et
1340 1957 1477 2024 Actibus

325 2060 550 2148 Apostolorum
568 2061 707 2128 volentes
729 2063 849 2129 discere
870 2071 1011 2149 possunt,
1046 2071 1079 2130 et
1102 2062 1304 2150 contemplari
1331 2059 1478 2148 quoniam

325 2185 406 2230 unus
419 2165 471 2230 bio
486 2164 585 2244 Dens,
600 2185 693 2252 super
706 2187 799 2252 quem
813 2166 894 2232 alius
908 2187 971 2232 non
985 2173 1045 2234 est.
1082 2167 1116 2234 Si
1130 2175 1237 2232 autem
1250 2173 1284 2231 et
1297 2172 1365 2231 erat
1385 2183 1479 2249 super

325 2270 408 2336 hune
422 2270 503 2335 alius
523 2269 621 2348 Deus,
637 2270 863 2336 exabundanti
878 2293 934 2358 per
947 2269 1211 2358 comparationem
1225 2269 1407 2345 dioeremus,
1425 2265 1478 2332 bio

326 2371 380 2438 illo
394 2373 503 2439 melior
516 2381 574 2439 est.
620 2373 736 2440 Melior
750 2373 835 2440 enim
845 2395 884 2440 ex
900 2375 1046 2462 operibus
1064 2381 1203 2462 apparet,
1218 2371 1478 2460 quemadmodum

326 2485 360 2542 et
373 2476 608 2562 ’praediximusz
625 2483 659 2543 et
674 2499 747 2544 oum
757 2477 801 2542 illi
816 2477 935 2544 nullum
947 2477 1054 2544 Patris
1069 2477 1117 2543 sui
1133 2499 1211 2565 opus
1224 2477 1361 2542 habeant
1374 2481 1478 2542 osten-

162 2596 300 2636 ¹t¹mtt
326 2579 411 2660 dere,
429 2579 482 2646 hie
503 2579 588 2646 solus
608 2580 785 2646 ostenditur
805 2581 903 2648 Deus.
951 2579 986 2646 Si
1007 2581 1078 2669 quis
1100 2589 1207 2648 autem
1226 2591 1376 2667 oeprotoas
1394 2582 1478 2645 eirea

326 2685 510 2770 quemme,
531 2703 569 2748 ea
586 2703 656 2769 quae
673 2684 714 2747 ab
729 2683 893 2768 Apostolis
912 2683 952 2748 de
971 2684 1042 2750 Deo
1056 2685 1239 2764 dictasunt,
1254 2683 1480 2772 allegorisanda

327 2784 498 2862 existimat,
517 2783 683 2868 praedietos
701 2805 861 2850 sermones
879 2791 1003 2850 nostros
1023 2785 1181 2864 discutiat,
1202 2785 1235 2848 in
1256 2784 1369 2870 quibus
1383 2803 1481 2848 unum

328 2886 433 2951 Deum
447 2885 640 2949 eonditorem
653 2891 687 2950 et
700 2885 850 2951 faetorem
863 2885 1003 2951 omnium
1017 2885 1219 2965 ostendimus,
1237 2893 1271 2950 et
1291 2907 1330 2952 ea
1348 2907 1418 2970 quae
1440 2885 1481 2950 ab

329 2987 390 3054 illis
404 2987 550 3054 dicuntur
563 2987 773 3053 destruximus
792 2997 826 3054 et
839 2987 1072 3066 denudavimus,
1095 2995 1128 3054 et
1142 2987 1294 3054 'inveniet
1308 3009 1481 3054 oonsonan·

329 3101 379 3160 tos
393 3111 447 3158 eos
461 3089 687 3176 Apostolorum
701 3091 861 3170 doetrinae,
877 3099 910 3156 et
923 3091 970 3157 sie
981 3091 1096 3156 habere
1115 3091 1376 3176 quemadmodum
1390 3093 1482 3158 doee-

330 3199 408 3262 bant
432 3201 466 3260 et
490 3193 766 3279 persuadebantur,
787 3193 934 3279 qnoniam
961 3215 1044 3260 unus
1072 3200 1121 3259 est
1150 3193 1319 3260 fabrioator
1343 3195 1483 3261 omnium

332 3297 438 3362 Deus:
462 3303 495 3361 et
518 3315 591 3360 oum
613 3295 760 3382 repulerit
779 3315 800 3360 a
816 3295 972 3361 sententia
987 3315 1045 3361 sua
1063 3301 1187 3362 tantum
1206 3317 1350 3376 errorem,
1365 3305 1399 3362 et
1413 3309 1576 3362 samo-2³1·

332 3419 402 3484 qnae
427 3405 477 3463 est
499 3396 649 3464 alueus
674 3397 780 3464 Deum
801 3397 1037 3484 blasphemiam,
1059 3405 1094 3464 et
1112 3419 1134 3464 a
1152 3397 1322 3484 semetipso
1347 3398 1485 3466 inveniet

332 3501 495 3582 rationem,
509 3521 703 3588 eognosoens
721 3509 755 3568 et
776 3521 847 3568 eam
861 3523 931 3590 quae
951 3511 1000 3568 est
1013 3502 1185 3569 seeundum
1205 3501 1351 3590 Moysem
1372 3501 1484 3592 legem,

332 3612 366 3673 et
376 3604 511 3693 gratiam
520 3603 603 3670 Novi
613 3603 818 3684 Testamenti,
829 3611 960 3692 unaque
969 3612 1045 3692 apta
1055 3605 1257 3692 temporibus,
1267 3605 1309 3671 ad
1317 3605 1486 3674 utilitatem

333 3707 461 3772 humani
476 3705 601 3795 generis
615 3708 655 3772 ab
669 3728 732 3773 uno
745 3713 779 3773 et
793 3707 903 3773 eodem
918 3707 1059 3794 praestita
1072 3703 1153 3774 Deo.

402 3815 454 3879 15.
498 3811 617 3878 Omnes
635 3810 720 3878 enim
738 3810 791 3898 qui
809 3817 884 3876 sunt
902 3809 992 3874 male
1007 3809 1181 3890 sententiae,
1196 3808 1274 3876 moti
1288 3811 1330 3876 ab
1342 3831 1382 3878 ea
1394 3810 1486 3898 legis·

335 3915 471 3994 datione,
496 3935 566 4002 quae
585 3914 756 3980 seeundum
772 3913 928 4000 Moysem,
950 3912 1132 3980 dissimilem
1153 3933 1224 3980 eam
1246 3921 1279 3980 et
1301 3914 1488 3980 conbanem

337 4017 499 4106 Evangelii
528 4015 678 4083 doetrinae
706 4016 904 4096 arbitrantes,
931 4017 998 4104 jam
1026 4017 1109 4081 ⁴nou
1144 4023 1219 4084 sunt
1254 4017 1404 4096 conversi,
1440 4017 1487 4081 uti

336 4121 518 4188 differentiae
547 4121 708 4207 utriusque
738 4119 932 4186 Testamenti
969 4119 1159 4206 inquirerent
1193 4142 1314 4188 oausos.
1363 4119 1488 4188 Deserti

387 4299 396 4330 ¹
413 4297 443 4359 ei,
454 4301 527 4360 αὐτῷ,
535 4300 639 4350 omitted
647 4303 681 4366 by
688 4300 732 4351 01„
740 4301 885 4352 andMaas.
938 4302 1051 4364 εὑρήσεις,
1060 4301 1210 4366 embodying
1220 4303 1263 4351 the
1271 4302 1398 4368 following
1407 4303 1489 4352 letter.

387 4379 398 4411 ⁸
414 4381 473 4430 Vol.
486 4393 505 4430 1.
519 4397 544 4444 p.
556 4379 610 4441 36n¹
987 4384 998 4415 ⁴
1014 4383 1072 4433 Noa
1088 4389 1144 4432 som
1160 4383 1274 4434 mma.
1308 4383 1436 4449 Interpres
1449 4386 1493 4434 οὐκ

387 4461 398 4493 ³
416 4461 515 4510 Cannu.
527 4460 639 4510 invenies.
663 4461 836 4527 Possiblyalso
847 4465 890 4512 the
940 4465 1087 4526 ἐτράπησαν,
1101 4463 1206 4512 debebat
1216 4467 1327 4514 vertere:
1342 4479 1428 4514 πωπω
1439 4465 1491 4514 arti·

339 4543 474 4593 translator
497 4543 556 4592 read
578 4543 672 4604 εὑρήσει
699 4543 837 4604 συμφώνους
863 4561 890 4592 as
940 4559 1007 4592 omia
1023 4543 1177 4606 appetam.
1210 4543 1313 4594 Garat.
