3334 5070
528 423 682 478 ORUOEM
704 421 809 476 VERE
834 421 981 478 Passus,
1284 407 1327 468 99

173 581 267 664 (llum
284 597 432 664 pmrut
450 583 532 642 esset
553 575 619 663 ipsc
638 576 731 664 prior,
752 584 824 663 post
842 575 954 642 deinde
973 574 1114 660 discipuli
1133 575 1209 662 ejus.
1247 575 1327 640 Erat
1340 587 1492 630 marnas.

174 701 249 767 ergo
263 701 366 745 sermo
379 681 448 767 ejus
462 679 648 746 ¹adhortans
659 680 754 746 etium
769 679 851 746 illos:
874 677 981 744 Nolite
998 679 1102 744 timere
1121 679 1237 768 coevqci
1250 680 1320 744 οοοοὶ
1345 637 1485 768 ᾓῇἑξξῇἷ

173 781 251 848 ‘¹¹¹¹
275 803 393 870 0⁰¹l¹¹¹¹2
418 783 555 848 animem
577 791 678 848 autem
701 803 762 848 οοο
779 789 907 868 preeunt
928 780 1078 845 occidero:
1102 780 1200 845 timete
1225 791 1326 846 cutem
1372 774 1459 813 “¹¹¹¹

173 886 271 971 matth
290 907 368 966 tum,
388 888 442 973 qni
462 886 550 952 tator
568 895 744 973 potestatem
766 895 794 950 ct
812 907 918 971 corpere
941 893 970 950 ct
993 884 1130 948 animam
1152 883 1270 950 mittere
1291 885 1327 949 io
1339 892 1467 932 ”uu-2⁰·

170 988 355 1074 potentator
392 997 425 1054 et
453 989 591 1055 ’servare
619 1011 673 1055 eas
699 1011 769 1078 quae
798 997 903 1054 essent
932 988 973 1053 ad
1002 1009 1074 1052 eum
1106 987 1326 1054 confessiones.

175 1085 302 1152 Etenim
311 1087 378 1174 ipse
391 1088 602 1154 confessurum
613 1109 648 1154 se
662 1087 864 1174 promittebat
874 1107 979 1152 coram
992 1087 1088 1151 Patre
1102 1089 1173 1150 ¹eos
1187 1086 1240 1172 qui
1254 1105 1327 1151 con·
1339 1090 1400 1186 ἕξ
1410 1099 1431 1130 ¹»
1439 1090 1464 1128 ³²

173 1189 337 1254 fitercntur
347 1211 460 1257 nomen
468 1212 560 1256 suum
571 1211 676 1257 coram
686 1189 879 1266 hominibus;
896 1197 1080 1277 negaturum
1091 1195 1196 1254 autem
1206 1208 1260 1254 ecs
1275 1188 1328 1275 qui

174 1301 325 1378 negarent
346 1313 427 1371 eum,
457 1293 507 1358 ⁴et
527 1293 727 1358 occlusurum
748 1292 801 1378 qui
822 1291 1082 1358 confunderentur
1102 1289 1327 1355 consessionem
1340 1299 1490 1340 fluent-³2

175 1398 253 1484 ejus.
300 1398 345 1464 Et
364 1421 436 1465 oum
454 1399 523 1466 haec
542 1400 588 1466 ita
606 1421 642 1466 se
661 1399 807 1478 babeant,
827 1399 869 1464 ad
888 1406 1010 1464 tantam
1030 1396 1239 1464 temeritatem
1257 1415 1327 1482 pro·

174 1505 274 1592 gressi
293 1515 369 1572 sunt
382 1507 519 1592 quidam,
539 1515 576 1572 nt
589 1507 685 1573 etiam
699 1513 851 1594 martyres
867 1513 1023 1594 spernant,
1038 1511 1071 1570 et
1085 1503 1259 1589 vituperent
1273 1521 1328 1567 eos

175 1609 229 1696 qui
243 1618 369 1696 propter
384 1609 512 1675 Domini
527 1609 750 1676 confessionem
766 1609 958 1689 occiduntur,
973 1617 1006 1674 et
1020 1608 1175 1674 sustinent
1190 1605 1293 1672 omnia
1308 1627 1328 1670 a

176 1711 314 1778 Domino
325 1713 484 1799 praedicta,
500 1722 533 1778 et
548 1714 718 1779 secundum
728 1715 788 1780 hoc
800 1721 951 1778 conantur
961 1712 1092 1799 vestigia
1102 1709 1242 1798 ¹assequi
1257 1731 1328 1796 pas·

175 1813 272 1879 sionis
297 1815 436 1894 Domini,
459 1815 631 1902 ¹passibilis
659 1825 811 1903 martyres
831 1816 921 1892 iacti;
953 1836 1031 1901 quos
1052 1823 1086 1880 et
1114 1813 1329 1880 ⁷concedimus

175 1916 252 2002 ipsis
265 1917 462 2003 martyribus.
497 1917 577 1983 Oum
591 1919 674 1983 enim
690 1918 862 2003 inquiretur
875 1917 1004 2006 sanguis
1018 1938 1135 1994 eorum,
1150 1923 1184 1982 et
1197 1915 1328 2003 gloriam

175 2027 412 2104 consequentia,
433 2028 509 2086 tunc
529 2041 550 2085 a
570 2019 696 2086 Christo
716 2019 943 2086 confundentur
960 2040 1068 2085 omnes
1089 2017 1142 2103 qui
1163 2017 1327 2082 inhonora·

175 2130 285 2188 verunt
298 2143 405 2187 eorum
419 2123 611 2210 martyrium.

242 2229 272 2289 5.
314 2223 359 2289 Et
375 2245 415 2290 ex
436 2225 496 2291 boc
511 2229 633 2291 ⁸nutem
649 2225 731 2312 quod
747 2224 902 2290 Dominus
916 2223 949 2288 in
964 2245 1055 2290 cruce
1068 2221 1201 2288 dixerit:
1225 2223 1327 2287 Pater
1340 2239 1489 2280 uacuum

175 2325 312 2390 ademere
322 2327 372 2406 eie,
383 2348 443 2392 con
454 2327 534 2392 enlm
543 2327 643 2392 scincrt
651 2327 870 2414 quidfocr'wnt,
882 2325 1112 2413 longanimitas,
1121 2333 1154 2392 et
1165 2325 1326 2412 patientia,

176 2433 209 2494 et
223 2428 441 2508 misericordia,
454 2438 486 2495 et
495 2430 618 2496 bonitas
630 2430 747 2496 (lbristi
761 2430 945 2508 ostenditur,
962 2433 1023 2496 l⁰ut
1033 2437 1066 2496 et
1076 2429 1143 2516 ipse
1157 2435 1326 2516 pateretur,

176 2540 209 2597 et
223 2531 290 2618 ipse
303 2542 468 2599 excusaret
479 2556 533 2600 eos
544 2535 598 2622 qui
612 2556 647 2600 se
662 2535 743 2601 umle
758 2538 986 2600 ”tractassent
1012 2531 1156 2598 Verbum
1170 2531 1254 2597 enirn
1266 2529 1327 2594 Dei

175 2635 258 2721 quod
273 2634 363 2700 nobis
377 2635 473 2700 dixit:
497 2637 628 2722 Dilipite
647 2637 784 2702 inimicos
805 2645 923 2714 cestros,
940 2645 1066 2702 oterolo
1077 2657 1138 2722 pro
1157 2635 1199 2699 eia
1212 2635 1267 2720 qni
1280 2655 1329 2697 coa
1340 2653 1467 2694 muers

176 2737 315 2817 oderunt,
337 2739 404 2825 ipse
433 2739 493 2805 boc
514 2739 588 2805 fecit
609 2739 643 2806 in
665 2762 766 2819 cruce,
789 2741 822 2806 in
847 2748 972 2806 tantum
997 2739 1129 2826 diligens
1156 2738 1328 2802 humanum

175 2861 285 2928 genus,
300 2849 337 2906 ut
351 2841 446 2906 etiam
460 2861 516 2926 pro
536 2841 586 2908 his
603 2843 657 2930 qui
676 2864 710 2910 so
731 2843 950 2922 interficerent,
973 2841 1156 2928 postularet.
1201 2839 1236 2905 Si
1258 2838 1329 2924 quis

175 2951 283 3008 autern
303 2943 422 3032 ¹¹quasi
444 2945 576 3009 duorum
597 2945 826 3026 exsistentium,
844 2945 997 3032 judicium
1020 2944 1059 3010 de
1083 2942 1133 3008 his
1153 2941 1258 3019 faciat,
1280 2941 1328 3004 in-

175 3047 318 3112 venietur
331 3047 430 3112 multo
444 3047 562 3126 melior,
577 3055 611 3114 et
624 3047 801 3135 patientior,
817 3057 850 3114 et
864 3069 935 3114 vere
956 3048 1067 3126 bouus,
1083 3044 1136 3132 qui
1150 3044 1183 3108 in
1196 3043 1328 3109 vulneri-

174 3149 235 3215 bus
249 3150 335 3236 ipsis,
350 3159 384 3216 et
398 3149 508 3238 plagis,
523 3157 556 3215 et
569 3149 696 3238 reliquis
708 3173 777 3237 quae
792 3150 825 3214 in
839 3171 912 3215 eum
926 3147 1157 3226 commiserunt,
1170 3143 1328 3211 beneficus

175 3260 235 3330 est,
251 3273 308 3318 nec
322 3273 442 3318 memor
455 3259 504 3317 est
520 3253 553 3317 in
567 3273 602 3318 se
622 3252 797 3318 commissae
814 3251 952 3330 malitiae,
973 3272 1011 3317 eo
1034 3248 1088 3336 qui
1107 3247 1249 3325 avolavit,
1270 3267 1328 3310 nec

175 3352 271 3417 ullam
290 3353 445 3440 injuriam,
465 3375 565 3441 neque
583 3354 781 3441 opprobrium
801 3376 913 3440 passus
931 3362 990 3418 cst.
1037 3351 1111 3416 Hoc
1125 3357 1230 3414 autem
1244 3347 1328 3412 idem

175 3464 209 3522 et
223 3457 283 3522 illis
302 3457 446 3536 occurrit,
466 3457 519 3544 qui
537 3457 646 3523 dicunt
665 3479 737 3522 eum
754 3457 893 3545 putative
915 3477 1053 3543 passum.
1097 3453 1132 3518 Si
1154 3451 1238 3519 enim
1264 3473 1327 3517 non

175 3581 248 3626 vere
261 3583 374 3648 passus
390 3569 449 3641 est,
464 3561 549 3626 nulla
566 3561 669 3648 gratia
687 3561 726 3640 ci,
745 3583 817 3626 curn
835 3560 920 3625 nulla
942 3559 1035 3625 fuerit
1058 3556 1180 3644 passio:
1204 3563 1237 3620 et
1258 3575 1325 3632 noe,

175 3687 249 3731 curn
277 3665 461 3751 incipiemus
488 3687 560 3732 vere
588 3665 664 3752 pati,
694 3665 847 3732 seducens
874 3663 1038 3742 videbitur,
1066 3661 1236 3727 adhortans
1268 3667 1468 3722 noema-³¹

174 3885 728 3950 twclvelines;tbavrordedicit1tocmaybe
825 3881 893 3934 ’orla
909 3885 949 3932 rol
964 3884 1134 3946 συγχωροῦμεν
1149 3881 1199 3930 τοῖς
1212 3879 1324 3944 μάρτυσι,

175 3968 355 4018 coueidercdas
366 3967 615 4031 rtillhllingoutthe
626 3982 704 4016 senaa.
775 3965 1041 4016 i.e.eonnomeram1oe.

225 4049 235 4082 ¹
252 4049 559 4111 Aa,bnt01.m.‚Voss
565 4047 726 4098 οάλοοίοοίίο.
825 4044 837 4078 ¹
852 4045 906 4094 The
916 4044 968 4096 Aa.
981 4059 1044 4108 copy
1055 4043 1129 4092 omits
1140 4049 1227 4092 οοεεοο.

225 4129 725 4195 ’τηρεῖι,οὸκνοοη,οονο11οοοωνοοε.
825 4122 953 4172 tonna.
966 4121 1106 4172 andVoss.
1119 4120 1216 4170 reniae.

225 4212 236 4246 ¹
253 4214 352 4264 Gustu.
364 4214 415 4262 and
426 4213 507 4262 Voss.
517 4211 580 4261 omit
586 4225 637 4272 roo,
646 4211 727 4260 which
825 4203 848 4238 ¹⁰
864 4205 915 4254 GR.
928 4210 955 4252 ut
965 4203 1056 4267 theoren
1069 4203 1110 4252 the
1122 4202 1166 4252 Oh
1178 4208 1200 4252 at
1209 4200 1268 4264 ipat,
1280 4201 1327 4250 but

175 4299 219 4348 the
230 4301 280 4346 Aa.
292 4297 346 4346 bas.
380 4295 433 4344 'I'be
444 4294 487 4344 Gn
499 4293 571 4343 reads
582 4293 726 4354 eorrfitenrur.
776 4286 1026 4352 utvvaseasilylostin
1034 4284 1324 4350 thepreoedingeyllable.

225 4378 237 4410 ⁴
254 4380 294 4428 rol
310 4377 561 4440 ἑτοιοχιοθησόμσον
581 4377 637 4426 τοὺς
659 4376 725 4424 tror-
777 4370 820 4418 Gr.
835 4371 898 4419 ὥστε
910 4369 923 4418 ὁ
934 4369 1004 4418 αὐτὸς
1015 4369 1055 4418 καὶ
1070 4367 1166 4428 ἔπαθεν,
1181 4369 1220 4416 rol
1232 4367 1245 4416 t
1256 4367 1327 4415 αὐτὸς

176 4462 322 4522 exercens
333 4462 377 4518 τὴν
388 4461 518 4520 ὁμολογίαν
529 4459 610 4507 αὐτοῦ.
777 4453 938 4514 παρῃτήσατο
948 4451 1003 4500 τοὺς
1014 4450 1221 4509 recantamus
1233 4447 1313 4496 αὐτόν.

219 4539 516 4601 ¹0n.,Voss.,An.,Fro.
524 4537 644 4602 turpet
650 4536 724 4600 equi.
825 4530 846 4563 ¹¹
864 4531 908 4582 On.
920 4531 1055 4581 troct'roet.

225 4621 236 4654 ⁸
252 4625 296 4672 τοῦ
306 4624 425 4684 rotmari,
439 4617 529 4672 otrtaet
539 4637 573 4670 sc.
825 4611 848 4648 ¹¹
864 4613 920 4662 ὡσεὶ
929 4614 970 4662 δύο
977 4612 1139 4674 ὑπαρχόντων,
1153 4611 1197 4660 i.c.
1206 4609 1326 4670 Χριστῶν.

1135 4705 1226 4772 7-ο
