3334 5070
363 358 428 423 152
643 371 737 434 cum
762 372 803 424 m
830 371 1008 424 unmeonn
1030 369 1228 423 lucnonun

198 547 337 634 ppnipuflvl:
361 531 546 611 portaverat,
563 525 596 589 in
616 547 677 610 quo
693 523 830 590 domitus
847 523 1012 604 esthemo,
1033 524 1086 610 qui
1106 531 1199 587 antea
1216 543 1279 586 non
1293 521 1514 608 subjiciebatur

205 639 333 726 “i{?p}V·
362 628 432 694 Deo
452 650 523 694 cum
541 649 625 694 mors
639 629 800 716 regnabat,
816 635 848 692 et
863 627 1000 692 domitus
1019 626 1131 690 habilis
1150 626 1252 691 iactus
1266 633 1315 690 est
1333 627 1373 690 ad
1388 627 1513 692 liberta-

194 759 344 770 ---
360 741 435 811 tem,
449 731 631 798 adveniente
641 731 743 796 iructu
755 729 917 808 libertatis
932 739 965 795 et
978 738 1071 794 aucto
1082 738 1114 794 et
1128 730 1270 794 demesso
1281 737 1315 794 et
1325 729 1356 792 in
1368 729 1512 794 horreum

360 845 496 924 recepto,
508 844 540 900 et
556 835 744 922 ¹spportatis
755 835 796 898 ab
810 854 848 898 ea
858 832 908 898 his
923 832 976 920 qui
986 832 1172 897 fructificare
1182 841 1324 918 possunt,
1334 841 1366 898 et
1381 833 1413 897 in
1428 833 1512 898 omni

193 1067 313 1152 W
362 1049 484 1127 KaOioc
511 1047 660 1126 'Hocine
692 1049 788 1149 φησί·
820 1048 917 1120 τέκνα
944 1047 1069 1136 Ἰακὼβ
1100 1048 1303 1134 βλαστήσει,
1334 1047 1387 1118 καὶ
1421 1043 1514 1141 ἕξον-

193 1163 329 1250 {mm
363 1167 454 1246 driusi
484 1163 634 1262 Ἰσραὴλ,
669 1163 723 1232 καὶ
761 1166 994 1245 πλησθήσεται
1031 1163 1049 1242 ἡ
1084 1160 1249 1243 οἰκουμένη
1285 1165 1348 1232 τοῦ
1384 1165 1514 1258 καρποῦ

194 1259 306 1307 mm
361 1277 472 1350 αὑτοῦ.
525 1276 588 1353 Εἷς
627 1277 706 1359 ὅλην
745 1272 798 1346 οὖν
829 1274 889 1357 τὴν
924 1273 1108 1357 οἰκουμένην
1149 1278 1211 1344 τοῦ
1247 1277 1377 1370 καρποῦ
1413 1273 1514 1344 αὑτοῦ

362 1388 613 1487 διασπαρέντος,
643 1391 774 1464 εἰκότως
804 1387 1060 1486 ἐγκατελείφθη,
1090 1383 1143 1455 καὶ
1176 1385 1210 1456 έκ
1239 1386 1343 1468 μέσον
1378 1386 1512 1476 ἐγένετο

361 1501 405 1574 τὰ
435 1501 522 1572 ποτέ
557 1499 616 1584 μέν
647 1505 961 1599 καρποφορῆσαντα
996 1503 1112 1574 καλῶς·
1152 1495 1190 1592 ἐξ
1227 1497 1333 1568 αὑτῶν
1371 1495 1439 1598 ’γὰρ
1469 1495 1512 1568 τὸ

361 1612 447 1686 κατὰ
482 1610 590 1712 σᾶρκα
621 1615 640 1684 ὁ
669 1611 826 1711 Χριστὸς
860 1613 1128 1710 ἕκαρτοφορήθη,
1160 1609 1213 1680 καὶ
1247 1613 1280 1680 οἱ
1307 1610 1511 1683 ἀπόστολοι·

362 1733 412 1798 νῦν
438 1725 473 1797 di
501 1727 616 1810 μηκέτι
643 1728 760 1797 εὔθετα
786 1723 984 1823 ὑπάρχοντα
1011 1723 1095 1823 πρὸς
1119 1724 1366 1822 καρποφορίαν.

194 1969 343 2013 anianum
360 1951 477 2015 mundo
502 1947 723 2014 disseminatis.
769 1947 1036 2030 Quemadmodum
1067 1947 1179 2012 Esaias
1209 1947 1271 2012 ait:
1302 1945 1386 2010 Filii
1413 1945 1510 2011 Jacob

357 2049 583 2140 ρονπιιιιοόωιιι,
600 2060 628 2114 οι
640 2050 756 2132 'flecht
769 2049 881 2126 Israel,
901 2059 927 2113 οι
933 2051 1046 2133 fructu
1061 2051 1124 2134 ejus
1138 2047 1353 2136 adimplebitur
1367 2049 1511 2112 uniuerso

360 2167 455 2222 terra.
494 2153 533 2218 ln
548 2153 688 2218 universa
702 2152 785 2217 enim
800 2160 883 2216 terra
897 2152 998 2217 iructu
1014 2153 1224 2230 disseminato,
1240 2152 1350 2215 merito
1365 2152 1512 2216 derelicta

360 2267 418 2338 est,
434 2266 467 2322 et
481 2258 521 2322 de
541 2257 643 2320 medio
656 2256 761 2320 ablata
781 2263 839 2333 εει,
861 2277 931 2342 quae
950 2255 1115 2340 aliquando
1130 2255 1254 2341 quidem
1274 2255 1511 2318 fructificaverat

193 2369 248 2410 ³⁰³¹
262 2370 318 2410 Μ
358 2365 456 2429 benc:
480 2385 521 2427 ex
542 2362 610 2447 ipsa
629 2361 711 2426 enim
730 2359 900 2425 secundum
921 2343 1045 2425 carnem
1068 2359 1211 2424 Christus
1230 2357 1432 2422 fructificatura
1451 2367 1509 2435 est,

359 2477 391 2532 et
414 2465 579 2554 Apostoli;
603 2487 686 2530 nunc
707 2473 812 2529 autem
826 2465 893 2551 jam
915 2463 1001 2528 utilis
1020 2485 1083 2526 non
1104 2469 1153 2528 est
1170 2461 1211 2526 ad
1232 2460 1509 2526 fructificationem.

359 2571 578 2657 ⁸Quaecunque
603 2569 685 2633 enim
712 2567 881 2654 temporale
902 2567 1025 2632 initium
1049 2567 1176 2644 habent,
1198 2586 1325 2632 necesse
1346 2573 1396 2631 est
1418 2587 1455 2630 ea
1477 2575 1510 2630 et

359 2675 454 2741 finem
467 2675 582 2740 hahere
596 2673 808 2760 temporalem.

843 2919 943 2986 uAP.
966 2916 1028 2984 VI.

547 3075 708 3151 Ostoucio
725 3073 822 3174 quod
839 3073 1051 3175 temporalis
1067 3074 1123 3148 lec
1140 3071 1231 3148 ιιοιο
1249 3071 1316 3147 cit:

479 3211 567 3303 Quo
584 3238 698 3286 οοιιοω
715 3211 878 3310 estquod
896 3211 1020 3287 oculum
1038 3224 1069 3285 οι
1088 3223 1188 3284 terro
1206 3207 1392 3283 transient.

423 3393 610 3476 ‘Quoruam
627 3394 721 3480 igitur
739 3415 759 3458 a
781 3395 893 3480 Moyse
910 3394 961 3458 lex
980 3392 1145 3471 inchoavit,
1164 3399 1388 3478 cousequenter
1406 3389 1437 3453 in
1453 3387 1477 3452 J
1479 3411 1512 3454 o·

359 3495 494 3560 hannem
523 3496 643 3575 desivit,
671 3497 729 3561 iad
758 3497 969 3584 impletionem
998 3499 1066 3583 ejus
1094 3499 1261 3562 advenerat
1287 3496 1447 3561 Christus:
1479 3505 1512 3559 ει

194 3622 336 3663 nussum
358 3609 485 3689 propter
502 3600 562 3666 hoe
579 3602 647 3667 Lea
668 3611 697 3666 οι
716 3603 881 3688 Prophetae
900 3603 982 3689 apud
1002 3625 1056 3668 eos
1073 3623 1167 3688 usquo
1187 3601 1232 3666 ad
1250 3601 1429 3664 Joluoucm.
1467 3597 1512 3662 Et

360 3705 558 3771 Hierusalem
578 3705 683 3792 itaque
701 3704 868 3771 ⁶inchoans
886 3727 907 3770 a
924 3705 1037 3783 David,
1053 3714 1085 3770 et
1099 3704 1270 3791 adimplens
1287 3709 1428 3787 tempora
1444 3722 1511 3779 sua,

357 3807 570 3896 legisdaticnis
584 3809 678 3874 finem
693 3809 830 3894 oportuit
844 3809 967 3888 habere,
983 3807 1181 3873 manifestato
1197 3829 1276 3872 novo
1292 3805 1511 3878 Testamentm

409 3963 475 4011 Ικαι
491 3963 666 4024 ἐπιφερομένων
683 3963 708 4022 ἐξ
726 3961 911 4026 αὐτῆς(Ηὶοτο-
1012 3959 1022 3992 ⁴
1045 3959 1247 4022 musculus.
1256 3959 1361 4008 Fulvio.
1379 3972 1431 4023 129.
1462 3957 1512 4006 GR.

358 4044 403 4094 sol.
415 4043 458 4107 ac.)
471 4045 519 4092 τῶν
528 4045 688 4106 καρποφορεῖν
700 4043 839 4102 δυναμένων.
858 4043 911 4091 The
1011 4041 1021 4073 ⁶
1039 4042 1133 4091 Gitana
1151 4041 1260 4105 supplies
1278 4040 1321 4088 ubi
1338 4057 1366 4088 or
1378 4047 1512 4102 poetqtiam.

359 4127 529 4175 construction
547 4125 606 4174 then
620 4125 715 4174 follows
731 4125 802 4174 τέκνα
823 4125 849 4173 in
868 4125 911 4173 the
961 4121 1013 4172 The
1030 4123 1086 4172 beet
1102 4122 1212 4171 medium
1225 4123 1265 4170 ior
1281 4121 1384 4184 reading
1399 4119 1515 4168 doubtful

360 4207 450 4266 Greek,
463 4207 513 4256 and
524 4207 694 4269 Ηιιτοιοιρπια
704 4207 731 4255 in
742 4207 785 4255 the
796 4206 880 4256 Latin.
960 4221 1076 4270 passages
1091 4205 1112 4254 is
1127 4204 1238 4266 through
1251 4204 1293 4252 the
1309 4202 1404 4249 Greek:
1418 4201 1474 4248 Ὅτι
1486 4201 1514 4259 δὴ

409 4287 421 4318 ²
438 4288 575 4347 On.,Voss.
584 4288 673 4350 florid,
687 4289 776 4338 Maso.
786 4301 815 4338 11.
830 4288 908 4350 floret
963 4287 1012 4334 ἀπὸ
1024 4285 1250 4342 Matrimonium
1265 4283 1364 4346 ηρχετο,
1380 4283 1515 4330 άκολοοθῶς

409 4368 421 4400 ⁸
439 4369 471 4417 So
484 4369 556 4417 Puto
573 4369 694 4418 extendcd
711 4387 772 4418 even
784 4375 811 4419 to
828 4371 911 4419 subor-
964 4370 995 4418 εὶς
1015 4369 1126 4426 Ἰωάννην
1143 4368 1306 4425 ἐτελεύτησεν,
1324 4366 1377 4412 ἐπει
1395 4365 1515 4426 πλήρωμα

360 4449 444 4498 dinato
461 4447 547 4496 dcities
564 4449 607 4496 the
624 4449 751 4513 principle,
767 4451 823 4498 that
839 4465 911 4513 gene·
964 4451 1037 4498 edroi
1049 4449 1197 4507 εἰσεληλύθει
1215 4449 1228 4496 ὁ
1244 4447 1356 4508 Χριστός.
1391 4445 1431 4495 Tr.
1447 4447 1493 4495 ert

361 4529 432 4579 rated
442 4529 574 4577 substance
583 4529 604 4577 is
614 4529 745 4592 subjectio
756 4529 909 4581 dissolution.
1012 4529 1023 4562 ⁶
1039 4531 1157 4578 inchoans
1171 4545 1187 4578 a
1199 4529 1291 4579 David.
1318 4527 1422 4578 Primus
1430 4527 1515 4578 Dauid

364 4611 476 4671 Τι’ωαιιι,
491 4626 515 4674 p.
527 4625 566 4671 41.
962 4610 1077 4662 Jobusaeir
1092 4611 1197 4674 apion
1217 4611 1282 4662 Ιιαιιο
1299 4613 1382 4663 urbem
1401 4611 1514 4662 Hieroso·
