3270 5080
631 465 674 516 ru
701 463 874 518 cunrsno
1264 449 1329 520 271

175 617 335 697 tamquam
345 614 659 701 aproplretrsqurdem
669 617 708 682 ‹le
718 613 816 684 altero
826 617 959 705 quodam
969 619 1064 699 druto
1074 619 1216 686 srmrlrter
1224 627 1331 687 autem
1366 635 1420 722 mn
1430 637 1469 678 ιι

175 723 345 780 evenerunt
356 715 504 783 Dommo
531 719 649 784 Omnes
659 740 742 785 emm
757 721 917 808 prophetae
928 721 996 787 haee
1011 723 1120 788 eadem
1129 724 1330 809 prophetave-
1370 683 1466 815 Gfgvpl'

176 919 268 985 relicui
280 943 317 985 ex
331 923 506 988 veteribus
497 931 568 1002 rstn,
583 947 647 990 non
657 925 765 1013 utique
778 949 829 1014 qur
821 927 949 1014 postea
960 875 1085 994 luerunt
1094 929 1332 1014 prophetassent
1344 942 1494 953 ‘'—

175 1019 209 1085 in
221 1023 398 1090 novissimis
409 1029 601 1114 temporibus
612 1030 717 1095 lutura
727 1030 805 1096 haeo.
833 1031 949 1097 Adhuc
961 1033 1055 1098 etiarn
1067 1050 1158 1098 nemo
1171 1041 1332 1119 estneque

177 1135 310 1211 patrum,
326 1150 426 1214 neque
441 1131 669 1216 prophetarum,
685 1151 786 1219 neque
800 1134 997 1221 antiquomm
1009 1157 1129 1224 regum,
1145 1136 1228 1202 circs
1240 1155 1333 1222 quem

176 1230 299 1316 pmprie
325 1235 378 1298 ¹ao
401 1233 577 1320 specialiter
599 1237 717 1302 lustum
742 1238 785 1304 sit
810 1237 927 1326 aliquid
951 1239 1071 1308 horum.
1117 1239 1200 1305 Nam
1224 1259 1333 1306 omnes

177 1332 423 1416 quidemOhristi
435 1337 595 1422 passiones
606 1338 883 1424 prophetaverunt;
900 1335 958 1425 ipsi
970 1341 1139 1406 autemlad
1151 1341 1333 1428 patiendum
1439 1417 1441 1422 ,

177 1435 319 1503 similiter
333 1449 369 1504 ut
383 1439 452 1526 ipss
464 1441 614 1526 praetliota
628 1449 711 1520 sunt,
727 1441 819 1530 longe
833 1449 933 1508 erant.
968 1443 1014 1508 Et
1027 1452 1212 1530 argumenta
1226 1451 1332 1510 autem

66 1568 97 1608 o.
109 1565 154 1608 aas
178 1561 247 1625 quae
268 1542 418 1626 praedicta
435 1551 509 1608 sunt
523 1544 687 1609 dominicae
707 1545 871 1630 passionis,
891 1547 924 1610 in
938 1545 1134 1612 nulloaltero
1149 1549 1332 1614 factasunt.

178 1641 289 1728 Neque
310 1645 393 1710 enim
418 1645 465 1712 sol
489 1646 592 1712 medio
618 1647 669 1712 die
694 1647 811 1713 oceidit
824 1647 930 1736 aliquo
952 1649 991 1713 de
1017 1649 1172 1714 veteribus
1197 1657 1331 1729 mortuo,

143 1807 148 1818 ,
176 1767 277 1834 nequo
302 1749 434 1815 scissum
461 1759 511 1816 est
535 1751 637 1817 velum
662 1751 781 1837 templi,
805 1773 906 1838 neque
930 1759 1014 1817 terra
1039 1759 1125 1817 mota
1148 1761 1207 1832 est,
1230 1773 1332 1840 neque

175 1856 274 1935 petrae
290 1851 439 1938 disruptae
455 1861 541 1932 sunt,
556 1873 658 1941 nequo
674 1854 790 1919 mortui
806 1862 1052 1934 resurrexerunt,
1067 1876 1168 1942 neque
1186 1855 1219 1919 in
1237 1856 1333 1922 teriia

176 1951 226 2016 die
241 1953 310 2039 quis
324 1953 445 2019 illorum
459 1955 603 2034 surrexit,
619 1977 720 2042 neque
734 1964 877 2042 receptus
891 1964 940 2021 est
955 1957 987 2020 in
1006 1956 1129 2035 ooelum,
1145 1977 1245 2044 neque
1259 1977 1332 2022 oum

175 2065 384 2122 assumeretur
408 2059 507 2145 aperti
531 2067 605 2124 sunt
626 2058 708 2136 coeli,
738 2079 839 2142 neque
860 2058 894 2122 in
915 2077 1029 2123 nomen
1050 2057 1183 2145 elioujus
1203 2057 1332 2124 ulterius

175 2159 372 2225 erediderunt
384 2169 504 2248 gentes,
520 2181 620 2246 neque
632 2159 703 2245 quis
716 2181 756 2224 ex
767 2159 813 2225 eis
825 2167 966 2226 mortuus
976 2168 1009 2225 ει
1023 2179 1197 2248 resurgens,
1209 2161 1332 2247 aperuit

175 2283 289 2327 novum
313 2263 468 2329 libertatis
494 2271 729 2329 testamentum.
781 2261 854 2327 Non
883 2261 980 2348 igitur
1009 2263 1048 2328 de
1073 2263 1181 2342 altero,
1211 2264 1267 2328 sed
1292 2265 1332 2328 de

176 2364 324 2446 Domino,
346 2367 380 2431 in
401 2387 494 2452 quern
515 2373 737 2433 concurrerunt
759 2365 864 2431 omnia
886 2365 1036 2450 posedieta
1062 2365 1162 2452 signa,
1187 2365 1332 2430 dicebant

176 2469 347 2554 prophetae.

243 2575 274 2637 3.
311 2571 346 2635 Si
360 2577 466 2635 autem
479 2570 592 2655 aliquis
606 2571 631 2635 J
633 2570 731 2638 udaeis
749 2569 999 2636 'advocationem
1018 2576 1182 2656 praestans,
1202 2569 1331 2636 erectio·

177 2693 250 2738 nem
272 2671 390 2757 templi,
417 2694 497 2758 quse,
522 2681 724 2759 posteaquem
750 2675 783 2738 in
806 2675 997 2762 Babylonem
1022 2672 1330 2760 transmigraverunt,

178 2775 263 2840 sueta
285 2783 336 2840 est
359 2775 418 2839 sub
442 2775 626 2854 Zorobubel‚
653 2785 686 2843 et
707 2775 927 2842 discessionem
949 2775 1054 2862 populi
1079 2795 1150 2862 quae
1171 2775 1256 2840 laets
1277 2783 1326 2841 est

176 2886 248 2964 post
262 2877 461 2964 septuaginta
474 2899 582 2957 annos,
596 2879 679 2944 dieat
693 2879 753 2944 hoo
765 2901 834 2945 esse
849 2900 963 2943 novum
979 2877 1234 2953 Testamentum
1259 2899 1330 2965 eog-

175 2989 294 3061 noscat,
311 2980 458 3066 quoniam
474 2979 630 3067 lapideum
645 2981 769 3068 quidem
784 2981 934 3068 templum
951 2985 1156 3046 8ιεειιιιειιιιιι
1170 2987 1219 3045 est
1232 2987 1328 3057 tune;

177 3083 294 3166 (adhue
308 3083 391 3149 enim
406 3083 459 3149 illo
473 3107 543 3171 quse
559 3085 591 3148 in
604 3083 735 3172 lapideis
753 3085 869 3150 tabulis
883 3083 966 3149 laeta
984 3083 1086 3149 iuerat
1105 3081 1174 3148 Lex
1188 3084 1331 3148 servabo·

174 3188 242 3271 tur)
264 3207 378 3252 novum
399 3193 505 3251 auteur
526 3193 750 3252 testamentum
771 3188 880 3252 dotum
901 3194 949 3252 est
971 3185 1100 3265 nullum,
1126 3185 1181 3250 sed
1203 3205 1241 3250 ea
1261 3183 1331 3272 lege

176 3311 245 3375 quae
260 3311 316 3376 per
332 3289 477 3375 Moysem
500 3290 575 3354 data
589 3297 639 3354 est
653 3291 821 3355 utebantur
835 3311 933 3376 usque
947 3289 988 3354 ad
1002 3289 1169 3354 adveutum
1181 3287 1328 3353 Domini:

175 3413 196 3457 a
217 3391 345 3456 Domini
367 3401 472 3457 autem
492 3391 628 3458 adventu
646 3415 761 3459 novum
777 3391 1014 3459 Testamentum
1035 3392 1076 3457 od
1100 3413 1209 3478 paoem
1223 3413 1330 3458 renon-

176 3495 295 3576 eiliam,
316 3503 350 3562 et
372 3495 558 3561 vivificatrix
574 3495 657 3562 lex
648 3518 681 3560 m
703 3496 878 3561 universam
900 3495 996 3561 exivit
1016 3503 1142 3574 terram,
1164 3493 1330 3582 ‘quemad-

176 3599 303 3664 modum
323 3597 469 3664 dixerunt
486 3599 665 3685 prophetae:
689 3599 742 3662 no
755 3591 834 3662 Sion
846 3599 925 3662 enim
939 3598 1075 3684 rprodstet
1088 3598 1146 3676 loo,
1166 3607 1194 3663 ει
1208 3597 1329 3664 ommno
1341 3610 1482 3710 affl*

176 3701 306 3765 Domini
329 3697 585 3780 murmuratam,
613 3709 642 3767 ει
663 3711 773 3788 arpoat
787 3699 889 3786 popul
886 3723 938 3765 um
961 3699 1386 3774 monumemtum

173 3801 293 3890 pind-ios
306 3825 372 3867 suos
385 3803 419 3867 io
433 3811 555 3883 aratro,
576 3813 604 3869 ot
623 3803 744 3869 lauaem
757 3825 827 3868 suae
840 3803 992 3888 insalsae,
1014 3813 1043 3868 ει
1055 3803 1128 3886 jam
1141 3825 1201 3869 noo
1217 3803 1332 3871 maor

173 3925 323 3990 pnpuore.
371 3905 429 3970 Si
420 3905 517 3991 igitur
530 3905 591 3971 alin
604 3907 656 3972 lex
670 3913 703 3972 ει
717 3907 845 3971 verbum
858 3905 966 3972 exiens
979 3907 1021 3971 ab
1037 3905 1246 3986 Hierusalem,
1261 3915 1332 3972 tan·

175 4015 243 4072 tam
258 4028 367 4092 paoem
390 4007 465 4072 ieoit
479 4008 562 4092 apud
576 4029 630 4073 eas
643 4016 753 4095 gentes
774 4030 844 4094 quoe
859 4029 930 4073 eum
945 4017 1138 4094 receperunt,
1160 4017 1193 4074 et
1207 4031 1263 4096 per
1276 4031 1331 4076 eas

176 4111 280 4198 arguit
295 4109 512 4196 imprudentiae
526 4109 659 4174 multum
673 4110 830 4197 populum,
845 4109 967 4176 videtur
977 4131 1170 4197 consequens
1181 4111 1220 4178 de
1232 4112 1331 4179 altero

175 4213 293 4278 dixisse
307 4211 483 4300 prophetas.

225 4351 236 4384 ²
253 4352 298 4402 (ln.
319 4353 394 4402 omits
410 4363 455 4408 (ιω
477 4350 540 4402 raros
556 4351 650 4417 haring
667 4351 729 4402 been
828 4352 1003 4415 ’nmmum
1022 4355 1198 4416 ἀνωκοδομήθη,
1215 4356 1260 4406 Gn.
1272 4371 1332 4422 may

176 4433 295 4483 reurlmd
305 4433 492 4500 byspeeiuliter,
501 4435 545 4484 the
555 4435 653 4498 margin
664 4435 726 4494 first,
779 4437 810 4486 bs
823 4437 902 4486 sdderl
914 4441 940 4486 to
952 4437 1071 4486 Gnsnn's
1081 4437 1131 4500 list,
1144 4439 1175 4488 at
1188 4438 1330 4489 annulum.

176 4515 427 4566 enumeratus
435 4515 726 4580 exemenonem.
828 4517 992 4580 quonam.
1014 4516 1065 4567 om
1081 4531 1119 4581 p„
1134 4517 1214 4568 found
1230 4519 1257 4568 in
1268 4519 1330 4579 Aa,

177 4597 383 4660 trtratuatetr,
399 4598 497 4648 readas
509 4597 549 4648 uu
561 4595 590 4648 τὸ
602 4613 629 4648 π.
779 4601 826 4649 but
836 4603 883 4649 not
894 4600 919 4648 in
932 4599 986 4661 (ln,
996 4599 1076 4650 Voss.

227 4677 237 4707 ¹
253 4681 413 4744 Advocating
424 4682 467 4730 the
478 4693 551 4731 euuse
562 4681 642 4732 ofthe
652 4681 716 4732 Jew.
829 4681 841 4713 ⁸
859 4679 1086 4743 Gn.‚Vnr.‚Voss.,
1096 4680 1142 4731 but
1150 4683 1201 4731 An.
1211 4681 1330 4745 meda.
