3270 5080
586 379 736 434 SAECULI
758 377 889 430 TYPUS.
1260 356 1325 421 251

170 537 325 604 Dominus
339 537 402 602 ait:
431 535 542 600 Facito
560 535 640 600 codic
658 533 770 600 amicos
788 532 827 598 dc
845 551 1015 596 ummmoua
1031 527 1214 614 iniquitatis,
1235 535 1270 590 ut
1283 525 1326 604 lu',
1363 539 1465 624 typi-13(-

169 641 289 728 quaudo
304 645 314 681 ¹
312 639 424 726 supcti
429 638 570 723 fueritis,
586 637 801 724 receptantem
817 635 848 698 iu
862 643 977 698 ceterum
993 630 1198 698 tobemmculc.
1235 631 1327 712 Quae·
1339 632 1428 718 ‘'ffi-
1437 631 1489 717 3¹¹3}

169 766 290 830 cunque
315 743 398 809 enim
427 764 499 808 cum
534 763 674 806 essemus
699 737 817 804 ethnici
844 739 884 803 de
918 735 1073 824 injustitia
1096 733 1325 822 acquisivimus,
1337 727 1490 810 '‘Li-

169 849 247 926 haec,
257 870 329 913 cum
341 846 571 922 crediderimus,
584 845 617 908 in
631 843 803 908 dominicas
816 841 969 907 utilitates
982 846 1222 930 lconvertentes,
1234 837 1326 926 justi·
1339 837 1388 877 2¹¹⁰·
1398 835 1440 875 ”l
1449 836 1468 875 ⁹·

169 950 318 1025 ficamur;
341 947 515 1013 necessarie
530 945 625 1032 igitur
639 945 707 1010 haec
722 945 755 1008 in
769 953 844 1030 typo
859 943 1164 1030 praemeditabamur,
1180 948 1213 1005 et
1227 941 1328 1004 taber.

170 1051 314 1116 naculum
338 1051 399 1114 Dei
422 1071 461 1113 ex
483 1049 533 1112 his
555 1047 742 1112 lubricatur:
766 1046 825 1110 illis
845 1045 970 1133 quidem
987 1045 1073 1130 juste
1094 1041 1326 1128 accipientibus,

173 1152 432 1240 quemadmodum
447 1149 659 1224 ostendimus;
680 1149 771 1213 nobis
784 1155 889 1214 autem
901 1145 1161 1236 praeostensum
1176 1144 1262 1232 ipsis,
1273 1141 1327 1232 qui

173 1256 377 1343 inciperemus
391 1277 447 1342 per
460 1254 561 1319 aliena
576 1253 646 1319 Deo
661 1253 826 1318 deservire.

611 1488 711 1554 OAP.
737 1487 889 1554 XLVII.

228 1627 545 1720 Quemadmodum
567 1653 643 1702 uuu
669 1640 702 1701 et
726 1625 854 1702 eudem
874 1625 1012 1726 populi
1030 1624 1208 1726 profectio
1232 1652 1276 1700 eu

310 1745 483 1844 AEpppm,
504 1757 536 1818 et
552 1742 726 1819 Ecclesia
743 1770 787 1819 ec
801 1745 966 1842 pentibus
983 1744 1193 1820 ostenditur.

70 1925 100 1962 a.
109 1923 153 1960 aa
233 1894 419 1960 Uurvrrass
435 1893 520 1959 enim
534 1915 604 1981 quae
618 1915 659 1960 ex
673 1895 820 1982 AEgypto
833 1894 982 1982 profectio
993 1895 1089 1961 fiebat
1103 1893 1218 1980 populi,
1230 1915 1250 1960 a
1261 1893 1332 1958 Deo

175 2007 267 2086 typus
289 2006 322 2064 et
346 1997 451 2086 imago
474 1998 534 2063 luit
560 1998 760 2084 profectionis
788 1999 948 2078 Ecclesiae,
974 2020 1045 2086 quae
1071 2007 1139 2064 erat
1163 1999 1268 2063 futura
1292 2019 1333 2063 ex

174 2102 338 2189 gentibus:
362 2111 488 2188 propter
507 2103 567 2167 hoc
585 2110 618 2166 et
633 2102 666 2166 in
680 2102 742 2167 fine
757 2103 892 2168 educam
907 2125 976 2168 eam
990 2103 1063 2168 hine
1081 2103 1113 2166 in
1132 2123 1221 2166 suam
1235 2101 1333 2165 haere·

176 2207 316 2284 ditatam,
333 2228 425 2293 quam
441 2228 504 2271 non
527 2207 655 2292 Moyses
670 2207 794 2291 quidem
809 2206 943 2272 famulus
960 2207 1031 2285 Dei,
1049 2207 1106 2272 sed
1120 2206 1218 2271 Jesus
1234 2205 1335 2269 Filius

177 2307 238 2372 Dei
257 2308 290 2372 in
305 2307 519 2372 haereditatem
534 2307 631 2373 dabit.
676 2307 710 2371 Si
726 2307 796 2394 quis
810 2317 917 2374 autem
932 2308 1112 2395 diligentius
1128 2307 1271 2372 intendat
1285 2306 1335 2370 his

176 2433 246 2498 quse
261 2433 281 2475 a
295 2411 455 2496 prophetis
469 2410 614 2474 dicuntur
628 2409 667 2475 de
681 2410 755 2490 fine,
767 2419 800 2476 et
813 2423 1006 2496 'quaecunque
1020 2413 1043 2475 J
1046 2412 1185 2477 ohannes
1202 2409 1336 2495 discipu·

177 2515 227 2580 lus
238 2513 367 2578 Domini
377 2513 455 2578 vidit
466 2513 499 2576 in
513 2512 711 2598 Apocalypsi,
722 2512 856 2578 inveniet
867 2514 992 2579 easdem
1003 2514 1112 2601 plagas
1126 2511 1337 2578 universaliter
1350 2523 1399 2564 rev.
1408 2533 1442 2560 κ’·
1452 2523 1494 2560 ru.

179 2615 321 2702 accipere
334 2623 456 2702 gentes,
472 2635 550 2700 quas
569 2622 646 2679 tunc
661 2613 871 2701 particulatim
890 2617 1010 2701 accepit
1024 2617 1200 2702 AEgyptus.
1248 2614 1338 2680 Talia

180 2717 323 2805 quaedam
338 2738 487 2781 enarrans
501 2715 540 2781 de
554 2716 691 2801 antiquis
705 2718 875 2804 presbyter,
891 2719 1051 2783 reficiebat
1065 2740 1133 2796 nos,
1148 2726 1181 2783 et
1193 2717 1334 2784 dicebat:

181 2829 201 2858 “
215 2821 266 2885 De
289 2817 357 2884 ‘his
380 2819 504 2906 quidem
525 2817 655 2897 delictis,
675 2819 713 2884 de
739 2819 852 2906 quibus
877 2821 953 2907 ipsae
982 2821 1150 2906 Scripturas
1177 2820 1338 2907 increpant

178 2921 373 3009 patriarchas
387 2929 420 2987 et
434 2921 612 3008 prophetas,
636 2944 694 2987 nos
713 2945 776 2988 non
797 2932 939 3010 oportere
958 2926 1145 3010 exprobrare
1160 2923 1216 3002 eis,
1237 2945 1338 3010 neque

179 3025 245 3091 lieri
260 3025 377 3090 similes
393 3024 502 3104 Gham,
523 3024 576 3111 qui
597 3025 691 3090 irrisit
706 3025 930 3112 turpitudinem
945 3027 1117 3113 patrissui,
1137 3035 1171 3092 et
1192 3026 1225 3090 in
1241 3027 1337 3092 male·

179 3129 346 3194 dictionem
370 3127 502 3200 decidit;
532 3128 590 3193 sed
610 3127 730 3215 gratias
752 3149 846 3215 agere
867 3148 924 3215 pro
946 3127 1007 3193 illis
1031 3127 1110 3204 Deo,
1134 3128 1281 3214 quoniam
1305 3128 1339 3194 in

179 3231 314 3297 adventu
339 3230 469 3296 ¹Domini
498 3229 599 3296 nostri
623 3229 753 3296 remissa
778 3238 853 3295 sunt
878 3231 924 3296 eis
949 3240 1095 3317 peccatam
1129 3232 1246 3298 etenim
1268 3231 1338 3296 illos

180 3333 304 3399 dicebat
325 3333 444 3420 gratias
463 3355 566 3420 agere,
588 3340 620 3397 et
644 3331 787 3419 5gloriari
813 3333 846 3396 in
868 3341 975 3398 nostra
997 3333 1108 3400 salute.
1153 3334 1204 3399 De
1227 3334 1339 3419 quibus

180 3445 285 3501 autem
308 3435 477 3522 Scripturas
496 3457 560 3500 non
575 3435 746 3522 increpant,
767 3436 823 3502 sed
844 3437 1026 3524 simpliciter
1045 3447 1119 3504 sunt
1139 3439 1260 3526 positae,
1280 3461 1339 3505 nos

181 3561 244 3604 non
262 3538 375 3604 debere
395 3537 463 3602 fieri
481 3545 690 3616 accusatores,
706 3560 770 3604 non
791 3539 875 3603 enirn
895 3561 1003 3606 sumus
1025 3541 1236 3629 diligentiores
1256 3541 1337 3619 Deo,

182 3663 283 3725 neque
297 3661 391 3726 super
404 3639 589 3727 magistrum
603 3661 768 3725 possumus
782 3663 861 3719 esse,
881 3643 938 3706 sed
952 3651 1061 3729 typum
1073 3665 1222 3730 quaerere.
1252 3643 1339 3709 Nihil

183 3743 266 3806 enim
287 3743 422 3808 otiosum
443 3751 492 3808 est
513 3764 621 3808 eorum
635 3763 828 3830 quaecunque
848 3744 1067 3811 inaccusabilis
1088 3747 1192 3833 posita
1210 3755 1285 3813 sunt
1306 3747 1339 3811 in

186 3844 388 3930 Scripturis''

233 3971 244 4004 ¹
255 3972 342 4036 sequti
353 3971 463 4035 fundis,
482 3989 498 4021 a
512 3980 615 4036 strange
631 3975 735 4022 transla·
785 3975 817 4026 be
827 3982 925 4040 greater
935 3979 1008 4028 ifthe
1019 3979 1075 4030 first
1083 3997 1147 4030 were
1159 3980 1202 4030 the
1210 3979 1262 4045 plu.
1273 3987 1338 4046 part.

185 4056 238 4104 tion
253 4053 292 4104 for
307 4054 430 4113 ἐκλίπητε.
465 4054 582 4118 Possibly
596 4055 639 4103 the
656 4060 737 4104 trans·
787 4076 814 4108 aa
825 4061 851 4109 in
863 4055 1006 4124 the'Greek,
1019 4078 1070 4126 ap.
1091 4063 1276 4183 ew

184 4135 249 4185 lator
267 4135 327 4184 read
345 4135 490 4198 ἐκτράπητε.
524 4134 553 4185 It
570 4151 629 4200 may
647 4137 678 4184 bs
696 4137 737 4186 ob·
836 4175 847 4206 2

184 4219 277 4281 server,
297 4220 354 4269 ruat
367 4221 401 4283 by
415 4235 431 4268 a
441 4219 518 4282 augur
532 4219 604 4268 vam
617 4219 682 4268 unu
695 4219 738 4269 ue
836 4177 1337 4289 ,4³·5bllcl·’v³²’v⁰·⁰⁰'¹.”“⁸““²⁶⁸·

186 4303 272 4367 Syriae
289 4303 387 4351 version
406 4301 488 4366 might
509 4301 540 4350 be
562 4301 635 4350 made
652 4306 679 4350 ιο
697 4317 738 4350 ex·
788 4275 971 4388 vossmiffi
980 4260 1152 4388 ‘isaim’
1167 4259 1271 4309 ΝΜ
1283 4260 1337 4320 Ch'

184 4403 252 4450 prese
266 4387 345 4435 either
359 4385 437 4447 deficit
450 4401 478 4434 or
489 4384 592 4447 fupute';
607 4385 651 4433 the
670 4385 739 4434 word
836 4375 917 4481 ιδῃ,
929 4377 1009 4471 Vogel
1022 4378 1149 4471 dnm„
1161 4422 1269 4478 denam
1285 4423 1328 4470 AB

186 4495 222 4527 wc
233 4477 291 4527 read
302 4479 322 4526 is
334 4462 522 4584 thfitdr
534 4477 581 4525 but
591 4461 739 4578 τ’Ῑ-χθο
787 4503 817 4552 ἀι
827 4503 876 4552 liis
886 4503 990 4565 quidem,
998 4505 1079 4552 where
1089 4504 1139 4552 tiu
1149 4509 1287 4568 represents
1298 4458 1337 4550 cu:

185 4591 406 4654 wouldbefupum
412 4591 462 4640 aud
469 4591 512 4639 the
518 4587 737 4654 similaritywould
837 4584 920 4644 ὅθι,
933 4583 1015 4633 Voss.
1032 4583 1175 4645 plm'ficm,

1125 4672 1236 4733 16-2
