3292 5068
665 416 856 470 Arosuoul.
1296 403 1337 467 19

183 569 262 635 labis
282 591 352 636 esse
373 569 518 648 fructum,
537 589 600 634 non
617 567 724 654 utique
742 568 846 634 Deum
868 569 1068 635 confiteretur
1089 574 1122 633 et
1140 567 1245 634 Deum
1271 589 1337 634 om·
1350 587 1404 626 na.
1414 587 1474 628 111.
1476 591 1505 629 ,ι

183 670 269 736 ιιίιιιιι
283 679 317 737 et
330 693 487 737 summum
502 671 623 758 Regem
637 679 670 736 et
682 671 811 736 Patrem
825 692 927 750 suum,
941 671 1097 757 perfectus
1111 670 1336 787 imperfectius,
1361 633 1480 767 35⁸va
1449 681 1489 723 11¹·

183 774 332 860 spiritalis
345 774 550 852 animalems
541 796 568 840 rs
583 775 636 860 qui
653 775 686 838 in
702 774 880 840 Pleromate
903 784 987 840 esset
1005 796 1076 839 eum
1091 773 1144 860 qui
1159 783 1249 840 extra
1264 773 1337 839 Ple-
1351 803 1501 814 ——-

182 899 280 942 roma.
314 877 425 964 Neque
437 877 617 964 drsorpuh
589 899 657 963 eJus
667 877 762 943 alium
772 878 938 963 quemdam
947 878 1050 943 Deum
1062 877 1267 957 nominarent,
1282 885 1338 942 aut

183 981 355 1046 Dominum
371 991 518 1046 vocarent
537 991 651 1067 praeter
668 1004 749 1059 eum,
768 983 820 1067 qui
837 1003 908 1048 vere
926 991 1010 1048 esset
1025 982 1113 1047 Deus
1130 989 1163 1048 et
1182 981 1338 1050 Dominus

181 1087 337 1151 omnium:
363 1087 622 1174 quemadmodum
644 1086 752 1152 dieunt
772 1086 815 1164 hi,
836 1086 889 1171 qui
909 1094 984 1150 sunt
1004 1084 1162 1150 vanissimi
1177 1086 1336 1172 sophistae,

182 1187 329 1272 quoniam
345 1187 490 1274 Apostoli
504 1210 576 1253 eum
590 1187 744 1276 hypocrisi
758 1188 898 1254 fecerunt
911 1187 1085 1253 doctrinam
1098 1189 1269 1254 secundum
1282 1210 1337 1254 au·

180 1290 332 1356 dientium
354 1292 569 1379 capacitatem,
593 1301 626 1358 et
647 1292 863 1378 responsiones
884 1293 1056 1358 seeundum
1079 1293 1337 1380 interrogantium

181 1395 403 1481 ¹suspiciones,
418 1395 510 1462 eaecis
524 1418 609 1462 caeca
624 1396 859 1462 confabulantes
872 1397 1043 1462 secundum
1063 1398 1236 1463 eaecitatem
1256 1398 1337 1484 ipso-

180 1521 262 1579 rum,
277 1499 496 1588 languentibus
511 1509 618 1566 autem
636 1501 807 1567 secundum
823 1501 1004 1588 languorem
1024 1501 1171 1586 ipsorum,
1186 1509 1219 1566 et
1233 1523 1337 1566 erran-

179 1601 268 1668 tibus
283 1601 455 1668 secundum
468 1625 603 1669 errorem
617 1625 743 1668 comm:
762 1610 795 1668 et
812 1604 994 1690 putantibus
1013 1603 1220 1691 Demiurgum
1237 1604 1337 1668 solum

179 1727 252 1771 esse
266 1705 381 1786 Deum,
396 1707 479 1774 hune
493 1709 714 1784 annuntiasse,
730 1706 780 1772 his
793 1728 866 1773 vero
880 1707 932 1792 qui
946 1705 1198 1772 innominabilem
1208 1706 1338 1772 Patrem

179 1809 319 1896 capiunt,
342 1833 398 1896 per
416 1811 579 1898 parabolas
600 1819 634 1877 et
656 1811 825 1899 aenigmats
846 1810 1065 1876 inenarrabile²
1086 1809 1198 1875 fecisse
1223 1819 1337 1897 myste-

178 1914 279 1978 rium:
303 1914 350 1980 uti
372 1937 435 1981 non
455 1915 714 2001 quemadmodum
736 1915 831 1980 babet
852 1915 920 2000 ipsa
940 1913 1063 1993 veritas,
1084 1913 1140 1978 sed
1158 1917 1208 1978 ³et
1229 1913 1263 1977 in
1282 1913 1338 2000 by-

177 2017 305 2102 pocrisi,
335 2025 368 2083 et
397 2018 658 2105 quemadmodum
682 2017 826 2104 capiebat
854 2017 1074 2103 unusquisqbe,
1105 2015 1277 2082 Dominum
1305 2025 1338 2083 et

178 2120 355 2207 Apostolos
376 2121 510 2186 edidisse
524 2121 748 2207 magisterium.

247 2226 279 2288 2.
334 2222 407 2289 Hoc
435 2231 542 2289 autem
565 2243 629 2288 non
657 2231 707 2289 est
729 2223 917 2308 sonantium,
944 2245 1002 2289 nee
1028 2221 1257 2303 vivificantium,
1281 2223 1337 2290 sed

179 2326 282 2416 magis
303 2327 509 2414 gravantium,
530 2333 563 2392 ct
581 2327 763 2416 augentium
784 2327 991 2415 ignorantiam
1007 2327 1162 2414 ipsorum:
1186 2335 1220 2394 et
1238 2328 1337 2393 multo

178 2431 281 2497 verior
294 2429 345 2496 bis
360 2430 428 2496 Lex
443 2423 638 2509 invenietur,'
645 2430 843 2496 maledictum
861 2430 968 2497 dicens
984 2453 1118 2510 omnem,
1135 2432 1187 2517 qui
1207 2432 1239 2495 in
1254 2454 1336 2498 erro·
1350 2439 1411 2527 {gvt-
1421 2441 1489 2480 aun.

178 2557 247 2601 rem
267 2534 374 2601 mittat
390 2557 509 2602 caeeum
527 2535 561 2598 in
575 2535 634 2601 via.
672 2533 733 2616 Qui
752 2534 836 2598 enim
854 2534 895 2599 ad
914 2534 1124 2599 inventionem
1143 2535 1230 2600 missi
1248 2545 1337 2602 crant

178 2639 351 2704 errantium
365 2638 522 2724 Apostoli,
538 2648 571 2703 et
585 2638 626 2704 ad
640 2637 790 2703 visionem
804 2659 911 2703 eorum
926 2636 978 2722 qui
996 2658 1058 2702 non
1072 2637 1227 2717 videbant,
1249 2647 1282 2703 ot
1296 2639 1337 2705 ad

179 2740 366 2806 medicinam
380 2741 604 2830 languentium,
620 2741 728 2826 utique
747 2763 811 2805 non
827 2740 998 2806 secundum
1015 2750 1200 2826 praesentem
1219 2742 1337 2828 opinio-

178 2867 254 2910 nem
274 2844 526 2930 colloqucbantur
544 2846 600 2924 eis,
621 2845 677 2910 sed
693 2844 865 2910 secundum
883 2843 1024 2908 veritatis
1042 2843 1335 2912 manifestationem.

179 2948 250 3014 Nec
265 2947 349 3012 enim
362 2948 491 3033 quilibet
508 2949 649 3014 homines
663 2956 747 3013 recte
766 2947 891 3025 facient,
908 2946 936 3012 si
954 2968 1054 3012 caecos
1070 2949 1263 3035 jamjamque
1280 2970 1336 3034 per

178 3051 386 3137 praecipitium
400 3051 472 3116 ferri
490 3050 683 3137 incipientes,
704 3051 906 3116 adhortentur
921 3050 1062 3116 insistere
1081 3051 1124 3115 illi
1142 3051 1335 3137 periculosis-

178 3155 269 3220 simae
288 3154 356 3232 viae,
372 3155 461 3239 quasi
478 3176 550 3220 vere
566 3163 671 3232 reetae,
688 3162 721 3220 et
741 3154 829 3240 quasi
847 3156 926 3219 beno
944 3154 1118 3240 perventuri
1136 3155 1209 3220 sint.
1258 3155 1335 3237 Quis

178 3267 287 3324 autem
305 3255 444 3322 medicus
461 3257 566 3322 volens
584 3278 691 3322 curare
708 3270 870 3343 aegrotum,
889 3257 983 3322 faciet
999 3257 1170 3322 secundum
1192 3260 1335 3346 concupi-

178 3359 316 3428 scentlas
335 3360 528 3448 aegrotantis,
548 3369 581 3424 et
595 3382 658 3424 non
676 3360 848 3425 secundum
867 3360 950 3446 quod
964 3369 1073 3446 aptum
1087 3369 1136 3425 est
1155 3361 1335 3428 medicinae?

180 3465 336 3548 Quoniam
355 3473 461 3529 autem
481 3463 636 3529 Dominus
654 3462 792 3528 medicus
812 3461 897 3528 venit
913 3485 1020 3528 eorum
1040 3463 1092 3549 qui
1110 3464 1190 3530 male
1207 3465 1334 3544 habent,

179 3572 246 3657 ipse
265 3569 462 3648 testificatur,
487 3569 610 3634 dicens:
641 3568 716 3632 Noa
742 3576 783 3632 est
806 3589 880 3654 opas
900 3569 986 3632 ιαιιίι
1006 3567 1149 3646 audiam,
1179 3569 1233 3634 sed
1255 3569 1334 3634 male
1347 3591 1499 3641 rusinae.

179 3673 365 3740 labentibus.
405 3673 480 3738 Non
495 3653 565 3737 caui
578 3671 799 3756 cocarejastos,
814 3671 869 3737 sed
875 3682 1048 3758 peccatores
1059 3673 1104 3737 ad
1110 3673 1334 3760 poenitentiam.

181 3777 345 3858 Quomodo
359 3798 434 3863 ergo
450 3776 502 3862 qui
517 3775 598 3840 male
612 3776 729 3840 habent
744 3776 1029 3841 confirmabuntur!
1048 3784 1081 3841 et
1095 3776 1250 3862 quomodo
1264 3798 1335 3862 pec-

180 3889 302 3946 catores
330 3879 547 3966 poenitentiam
575 3880 689 3965 agenti
753 3877 871 3943 Utrum
896 3887 1129 3964 perseverantes
1157 3877 1189 3942 in
1218 3878 1336 3944 eisdem

180 3981 273 4068 ipsis3
290 4006 332 4049 an
346 4005 364 4049 e
378 3983 542 4061 contrario,
558 4003 705 4070 magnam
719 3981 995 4047 commutationem
1009 3989 1042 4046 et
1056 3981 1335 4067 transgressionem

180 4087 290 4172 prioris
311 4085 553 4153 conversationis
574 4083 772 4170 accipientes,
791 4105 847 4170 per
868 4105 962 4168 quam
983 4092 1016 4149 et
1035 4083 1253 4170 aegritudinem
1272 4107 1335 4152 non

230 4295 240 4330 ¹
258 4299 338 4350 &trec
355 4301 496 4364 ὑπολήψεις,
510 4316 559 4363 pro
576 4297 734 4363 opinionibus
782 4315 842 4364 may
852 4305 897 4349 not
913 4301 956 4350 the
971 4301 1063 4351 author
1078 4302 1142 4352 bava
1157 4303 1257 4354 written
1276 4305 1335 4368 φρά·

182 4377 245 4427 dr'xit
256 4381 385 4445 littetprcs.
403 4383 541 4432 Mausolus.
783 4384 890 4433 σασθαιὲ

230 4457 310 4512 ἩΠαῖς
326 4464 352 4511 dt
366 4463 408 4511 τὸν
423 4463 618 4522 ἀκατονόμαστον
633 4464 733 4524 Πατέρα
831 4463 842 4497 ⁸
858 4473 879 4514 ct
895 4466 916 4515 is
932 4467 1062 4532 carelessly
1076 4468 1181 4518 omitted
1198 4470 1232 4534 by
1245 4469 1332 4518 Mass.

183 4545 305 4604 χωροῦσιν,
319 4546 358 4593 διὰ
373 4547 522 4608 παραβολῶν
533 4546 574 4594 καὶ
585 4545 733 4606 αἰνιγμάτων
781 4547 831 4596 and
854 4548 977 4611 Surraru,
997 4552 1054 4600 who
1075 4551 1171 4600 follows
1194 4551 1236 4600 tha
1254 4550 1333 4600 Bene·

184 4624 282 4684 lddmov
299 4627 444 4675 πλάσασθαι
461 4627 490 4675 τὸ
507 4628 644 4688 μυστήριον.
680 4627 732 4678 But
782 4630 873 4680 dictiue
890 4636 952 4682 text.

1142 4719 1232 4782 2-2
