3292 5068
469 639 677 726 SANOTI
730 635 955 723 IRENAEI

273 873 674 974 ADVERSUS
761 869 1146 972 HAERESES.

628 1093 789 1102 ——--—-

600 1241 731 1299 LIBER
752 1241 814 1299 ΙΙΙ,

574 1385 741 1448 PRAEM
753 1387 840 1448 rlo.

28 1512 112 1598 gagg
200 1501 251 1566 Τιι
268 1501 400 1589 quidem,
421 1503 628 1583 dinoraeime,
653 1525 843 1589 praeceperas
857 1501 957 1581 nobis,
973 1509 1009 1565 ut
1028 1521 1082 1566 eas
1097 1521 1200 1587 quaes
1217 1497 1283 1564 Va-

132 1605 251 1671 lentino
273 1615 347 1672 sunt
370 1606 541 1672 sententias
557 1607 756 1672 absconditas
774 1613 810 1670 ut
824 1605 883 1692 ipsi
902 1604 1065 1690 potentin
1085 1603 1283 1668 manifestum

132 1711 304 1796 proderem,
327 1719 359 1775 et
378 1711 572 1776 ostenderem
594 1711 775 1776 varietatem
800 1711 947 1796 ipsorum,
978 1717 1011 1773 et
1034 1727 1208 1772 sermonem
1231 1708 1283 1772 de-

131 1822 304 1879 struentem
325 1835 377 1880 eoe
399 1813 552 1880 inferrem.
597 1816 749 1902 Aggreesi
771 1835 879 1878 smnus
899 1821 1004 1877 autem
1027 1833 1093 1891 nos,
1117 1819 1284 1899 arguentes

132 1937 187 1982 cos
201 1939 221 1981 a
237 1917 362 1982 Simone
378 1927 467 2003 patre
482 1917 621 1982 omniurn
638 1917 862 1994 haereticorum,
882 1926 915 1980 et
932 1916 1089 1982 doctrinas
1105 1924 1139 1982 et
1162 1935 1284 1981 succes·

132 2019 236 2086 aiones
249 2021 454 2099 manifestare,
470 2029 502 2086 et
517 2021 660 2086 omnibus
673 2020 720 2086 eis
734 2020 958 2086 contradicere:
975 2021 1197 2107 propterquod
1211 2035 1284 2084 curn

132 2121 176 2188 sit
189 2121 280 2188 unius
299 2121 399 2210 operis
412 2123 567 2188 traductio
584 2144 689 2189 eorum
709 2131 742 2189 et
762 2123 946 2190 ¹destructio
964 2124 995 2186 in
1011 2123 1126 2201 multis,
1143 2123 1284 2188 misimus

133 2225 191 2290 tibi
213 2226 318 2306 libros,
337 2247 374 2292 err
394 2226 506 2314 quibus
525 2225 644 2312 primus
662 2228 786 2314 quidem
805 2227 942 2292 omniurn
962 2225 1084 2290 illonrm
1111 2227 1284 2291 sententias

134 2330 282 2408 continet,
311 2337 343 2394 et
354 2329 601 2394 «consuetudines
616 2338 650 2395 et
671 2331 865 2396 characteres
883 2330 1021 2395 ostendit
1041 2329 1284 2396 conversationis

133 2453 249 2498 eorum.
297 2431 335 2496 lu
354 2431 487 2498 secundo
509 2455 581 2498 vero
602 2433 761 2498 destructa
780 2442 814 2498 et
834 2453 941 2498 eversa
962 2440 1036 2496 sunt
1057 2453 1127 2518 quae
1146 2435 1187 2496 ab
1208 2433 1284 2518 ipsis

133 2535 215 2600 male
230 2537 386 2614 docentur,
402 2545 434 2601 et
448 2537 566 2601 nudata
580 2545 613 2601 et
628 2545 754 2602 ostensa
768 2545 841 2602 sunt
855 2537 931 2601 talia
948 2535 1051 2622 qualia
1066 2543 1098 2599 et
1113 2541 1196 2599 sunt.
1245 2535 1284 2598 ln

21 2675 27 2688 =
133 2637 193 2702 hoc
207 2645 313 2702 autem
327 2637 416 2704 tertio
436 2661 476 2702 ex
491 2639 659 2726 Scripturis
678 2639 845 2704 inseremus
864 2639 1066 2716 ostensiones,
1086 2645 1122 2702 nt
1136 2635 1212 2701 nihil
1227 2637 1284 2703 tibi

134 2763 174 2806 ex
188 2741 238 2805 his
252 2764 322 2828 quae
332 2763 530 2828 praeceperas
549 2742 665 2808 desita
682 2742 791 2818 uobis;
815 2741 871 2806 sed
889 2751 932 2820 et,
950 2751 1157 2828 praeterquam
1177 2739 1283 2826 opina-

133 2845 226 2924 beris,
248 2846 289 2910 ad
303 2846 493 2934 arguendum
510 2854 543 2911 et
559 2847 757 2912 evertendum
780 2867 834 2912 eos
854 2845 907 2934 qui
927 2845 1065 2932 quolibet
1087 2845 1179 2909 modo
1201 2843 1283 2910 male

133 2949 256 3028 docent,
279 2949 454 3016 occasune-r
469 2971 489 3014 a
506 2949 595 3016 nobis
612 2951 755 3037 accipias.
794 2951 872 3033 Quae
890 2947 974 3015 enim
993 2956 1042 3013 est
1061 2947 1094 3011 in
1109 2947 1180 3012 Deo
1205 2946 1282 3012 cari·

133 3061 193 3130 tas,
209 3051 294 3117 dives
309 3061 341 3118 et
358 3053 423 3118 aine
434 3053 549 3119 invidia
563 3053 727 3130 exsistens,
743 3053 831 3140 plura
842 3055 938 3120 donat
951 3074 1042 3139 quam
1057 3051 1192 3138 postulet
1213 3051 1282 3137 quis

19 3198 20 3206 ι
133 3158 173 3222 ab
187 3179 237 3222 ea.
282 3159 442 3224 Memento
462 3157 557 3245 igitur
575 3179 682 3224 eorum
699 3180 768 3245 quae
787 3157 922 3222 diximus
941 3157 973 3220 in
990 3155 1143 3241 prioribus
1162 3154 1283 3220 duobus

133 3261 238 3336 libris;
262 3268 295 3325 et
308 3261 376 3327 haec
388 3262 448 3328 illis
461 3261 644 3349 adjungens,
660 3261 870 3348 plenissimam
890 3261 1019 3325 habebis
1035 3259 1159 3324 anobis
1175 3259 1282 3324 adver·

134 3387 187 3430 sus
207 3385 315 3430 ornnes
333 3365 493 3431 haereticos
513 3366 797 3444 contradictionem,
818 3375 851 3431 et
869 3365 1052 3430 fiducialiter
1065 3385 1103 3430 ac
1123 3363 1282 3428 instantis·

134 3469 211 3536 sime
225 3469 352 3536 resistes
366 3469 408 3536 e‘s
422 3493 479 3558 pro
493 3471 575 3538 ²sola
589 3493 661 3537 vera
675 3492 712 3536 ac
726 3469 847 3536 vivifica
864 3469 935 3546 fide,
954 3491 1047 3557 quam
1061 3469 1102 3535 ab
1121 3467 1283 3556 Apostolis

136 3575 278 3641 Ecclesia
299 3575 444 3662 percepit,
461 3583 494 3641 et
513 3575 671 3640 distribuit
686 3574 757 3639 filiis
776 3575 852 3640 suis.
896 3575 1025 3640 Etenim
1043 3573 1198 3639 Dominus
1216 3595 1282 3637 om-

135 3679 219 3742 nium
234 3678 319 3743 dedit
335 3677 494 3764 Apostolis
511 3678 576 3744 suis
593 3685 781 3764 potestatem
802 3677 974 3766 Evangelii,
993 3699 1048 3764 per
1067 3699 1144 3765 quos
1159 3685 1192 3741 et
1206 3675 1282 3740 veri-

135 3789 242 3860 tatem,
260 3783 320 3847 hoc
340 3790 389 3846 est
407 3781 469 3846 Dei
490 3781 563 3846 Filii
583 3781 766 3862 doctrinam,
784 3784 1003 3872 cognovimus;
1023 3783 1134 3869 quibus
1152 3789 1185 3846 et
1205 3781 1283 3845 dixit

137 3885 306 3951 Dominus:
333 3885 394 3965 aar
408 3908 455 3952 nos
469 3887 568 3964 andra,
587 3907 634 3952 ma
651 3887 760 3953 uadit:
785 3897 814 3954 at
827 3887 882 3974 qai
899 3909 949 3952 aaa
967 3885 1136 3963 contemnit,
1155 3907 1202 3950 me
1216 3907 1282 3950 con·
1297 3912 1345 3952 rue.
1356 3925 1376 3952 x.
1387 3912 1415 3952 rc

134 3989 246 4068 ternod,
262 3998 290 4054 at
304 4010 370 4054 cam
385 3991 436 4076 qni
450 4011 497 4056 ma
510 3989 606 4057 misit.

182 4145 192 4178 ¹
209 4145 236 4195 A
246 4162 314 4194 more
324 4145 402 4210 lilrely
412 4147 514 4211 reading
524 4163 602 4196 seems
613 4151 641 4196 to
653 4147 683 4196 he
732 4146 830 4197 handed
844 4163 877 4198 ou
895 4151 922 4196 to
934 4145 979 4196 her
992 4161 1051 4196 scus
1066 4146 1100 4211 by
1111 4145 1154 4196 the
1172 4145 1285 4206 0lrurch;

135 4228 237 4288 maro,
258 4231 369 4290 ἔλεγχος,
389 4227 437 4278 and
459 4229 485 4278 in
507 4229 551 4278 the
567 4229 651 4294 aequal
668 4228 683 4277 1
733 4231 784 4280 this
801 4234 894 4279 cannot
911 4229 942 4278 be
959 4229 1083 4294 anything
1100 4228 1149 4278 elsa
1167 4229 1229 4278 than
1242 4229 1285 4278 the

135 4311 215 4360 would
226 4311 347 4376 certainly
355 4327 458 4376 proposa
466 4312 561 4374 malo,
570 4328 598 4361 as
609 4313 684 4376 being
734 4309 847 4360 catholic
858 4309 924 4360 Rule
932 4309 961 4358 of
969 4309 1053 4371 Faith,
1066 4327 1094 4360 or
1105 4309 1191 4370 Oreed,
1204 4311 1285 4360 which

135 4392 224 4457 closely
234 4393 336 4457 parallel
347 4394 408 4444 with
419 4395 514 4444 maora
524 4395 659 4459 following.
735 4408 785 4442 was
806 4391 925 4442 slretched
947 4399 992 4442 out
1010 4392 1037 4442 in
1054 4393 1097 4442 the
1117 4392 1186 4442 First
1203 4392 1284 4452 Book,

181 4473 352 4540 ¹Something
358 4475 458 4526 definite
466 4477 487 4526 is
496 4477 553 4526 hera
559 4477 685 4541 evidently
734 4489 776 4538 pp.
789 4488 829 4538 90,
849 4489 890 4539 91,
909 4475 953 4524 the
970 4475 1109 4539 possession
1126 4475 1178 4524 and
1190 4476 1287 4536 jealoua

135 4561 225 4618 meent,
244 4557 355 4607 received
373 4558 407 4622 by
426 4559 469 4608 the
486 4559 603 4623 Apostles
621 4559 685 4608 from
734 4555 858 4618 guarding
869 4556 897 4604 ol
911 4555 991 4605 which
1004 4556 1094 4606 should
1108 4572 1184 4620 prove
1201 4573 1217 4606 a
1231 4571 1288 4604 sure

136 4637 225 4698 Christ,
247 4638 298 4687 aud
317 4638 439 4688 inherited
456 4639 520 4688 irem
537 4640 613 4699 them,
636 4639 684 4688 and
734 4635 865 4700 saleguard
876 4637 975 4701 against
985 4637 1079 4700 heresy.

235 4747 308 4792 von.
329 4748 362 4792 ιι.
1169 4727 1185 4786 1
