3292 5068
606 435 726 488 o1vus
750 435 905 488 Pennus.
1288 421 1331 486 59

178 585 303 666 catheti,
320 597 348 654 et
361 587 469 674 repleti
481 597 555 654 reor
572 609 671 654 ornum
689 587 815 675 Spiritu
828 599 940 668 ruodo,
957 597 986 654 et
998 587 1196 675 bqurdoutur
1210 586 1334 653 vertum
1374 605 1427 646 ιιιι
1438 605 1478 645 ιιι

178 687 244 753 Dei
266 711 335 754 orem
354 690 489 772 fiducia,
520 691 605 756 omni
634 691 751 756 volenti
772 692 909 757 eredere.
960 690 1082 756 Virtute
1104 691 1184 755 mim
1208 711 1332 776 moysa,
1354 653 1497 785 ffi'fllliffl·

178 790 291 875 inquit,
315 791 479 858 reddebant
499 794 698 858 testimoniam
717 793 853 880 Apostoli
867 795 1093 859 resurrectionis
1106 794 1234 857 Domini
1246 793 1333 870 Jeeu,
1393 792 1456 831 *lli

179 892 319 958 dieentes
340 894 382 958 ad
403 915 477 960 eos:
502 894 587 960 Daue
601 906 732 981 patron
752 906 922 961 nostrorum
943 897 1085 960 eaeitooit
1106 895 1221 974 Jeme,
1248 917 1334 982 quom
1350 904 1473 990 mig-34³3

179 1015 230 1058 eoo
254 995 516 1081 ¹oqpreteucbbtrb,
541 1007 569 1062 et
592 998 785 1082 intersertam
809 998 1014 1085 suspendentes
1041 999 1076 1062 iu
1105 999 1196 1084 ἄρηι).
1241 998 1334 1062 Hune

179 1097 266 1162 Deua
280 1098 455 1183 pmmpem
469 1107 498 1162 et
513 1098 703 1164 detentorem
718 1101 864 1164 eroltaoit
882 1099 999 1186 *pierio
1012 1122 1078 1179 erra,
1094 1101 1171 1164 dora
1184 1101 1334 1186 poeniteo-

180 1199 257 1263 tr'om
277 1199 388 1276 Israel,
412 1209 440 1264 at
460 1201 661 1265 remissiorem
674 1211 889 1288 peceatorwm:
912 1211 940 1264 ot
956 1223 1008 1266 noa
1021 1203 1056 1266 ire
1075 1223 1106 1266 eo
1121 1211 1204 1266 testeo
1217 1207 1336 1266 ³eternus

179 1323 348 1366 κινιιοιιιιηι
368 1302 484 1379 torum,
505 1312 533 1366 et
547 1304 685 1388 Spiritus
697 1312 827 1382 sumtus,
848 1326 935 1390 quem
951 1305 1035 1368 dedit
1049 1304 1134 1368 Deru
1150 1303 1336 1369 credemibus

181 1405 220 1468 ei.
268 1404 359 1468 Omni
378 1427 491 1491 quoque
510 1406 570 1482 dte,
587 1406 698 1490 inquit,
714 1407 749 1470 io
764 1406 878 1492 tenplo,
895 1416 923 1470 et
938 1408 989 1470 ⁴io
1005 1407 1090 1471 dorm
1107 1429 1166 1471 noo
1184 1405 1335 1471 emtam
1352 1427 1464 1468 aerea

181 1507 313 1572 boemo
326 1516 354 1572 et
371 1508 603 1594 avonpodbootoa
619 1509 771 1573 Otmbtum
783 1508 890 1573 Josroo
906 1509 1023 1574 Filium
1039 1510 1109 1576 Dei.
1157 1509 1238 1574 Haee
1252 1509 1336 1574 enim

181 1617 250 1674 erat
269 1609 380 1674 salutis
398 1610 529 1697 agnitio,
551 1632 621 1696 quse
642 1611 797 1696 perlectos
813 1611 855 1676 ed
875 1611 979 1677 Deum
997 1613 1093 1678 efficit
1108 1633 1173 1691 eos,
1192 1612 1246 1699 qui
1262 1633 1336 1700 eog-

182 1719 316 1777 noseunt
332 1711 405 1776 Filii
421 1713 490 1799 ejus
503 1714 682 1779 adventum.

248 1819 278 1885 7.
324 1816 479 1899 Quoniam
502 1825 608 1884 autem
630 1818 826 1904 impudenter
844 1819 971 1905 quidam
990 1839 1099 1884 eorum
1119 1817 1237 1896 dieunt,
1252 1817 1336 1905 apud

183 1917 315 1984 Jndaeos
339 1929 554 2004 praeoonantes
578 1921 724 2008 Apostoli
748 1943 813 1986 non
836 1928 983 2008 poterant
1004 1921 1138 1987 alterum
1162 1922 1208 1986 eis
1232 1921 1336 1986 Deum

182 2023 368 2088 annuntiare
389 2031 503 2107 praeter
525 2046 607 2101 eum,
623 2024 676 2110 qui
698 2025 836 2090 creditus
854 2025 956 2090 luerat
969 2026 1010 2090 ab
1024 2025 1120 2112 ipsis;
1144 2025 1277 2090 dicimus
1295 2023 1337 2090 ad

183 2145 247 2202 eos,
274 2125 421 2209 quoniam
445 2125 473 2190 si
500 2126 671 2191 seeundum
695 2126 769 2191 olim
799 2126 927 2191 insitam
956 2127 1134 2212 opinionem
1159 2126 1337 2192 hominibus

183 2225 389 2314 loquebantur
420 2229 578 2314 Apostoli,
604 2249 696 2294 nemo
724 2230 765 2294 ab
791 2229 842 2294 his
870 2229 1016 2315 cognovit
1041 2229 1213 2308 veritatem,
1237 2229 1336 2295 multo

183 2337 290 2396 autem
304 2331 422 2416 priusa
437 2331 597 2406 Domino;
622 2332 740 2398 etenim
763 2332 865 2417 ipsum
880 2333 926 2396 sio
947 2333 1086 2397 loentum
1100 2331 1219 2397 dieunt.
1267 2331 1336 2398 Nee

183 2431 217 2496 hi
235 2454 309 2520 ergo
327 2433 387 2520 ipsi
406 2433 572 2498 veritatem
590 2433 704 2511 solunt,
727 2433 783 2498 sed
805 2434 962 2499 sententia
982 2455 1088 2498 eorum
1110 2434 1150 2498 de
1172 2434 1242 2496 Deo
1263 2453 1336 2497 oum

184 2543 268 2600 esset
282 2535 365 2614 talis,
380 2543 568 2621 exceperant
582 2536 766 2614 doctrinam,
782 2535 1042 2622 quemadmodum
1060 2535 1167 2600 audire
1181 2543 1336 2620 poterant.

184 2638 362 2704 Secundum
383 2639 466 2704 hune
490 2639 586 2726 igitur
606 2659 781 2704 sermonem
795 2639 879 2726 apud
894 2637 1049 2704 neminem
1064 2638 1124 2703 erit
1136 2635 1244 2724 regula
1257 2636 1337 2701 veri-

183 2742 270 2820 tatis,
287 2743 342 2806 sed
357 2763 465 2807 omnes
479 2741 622 2828 discipuli
638 2742 782 2808 omnibus
797 2741 1005 2828 imputabunt,
1022 2741 1168 2827 quoniam
1189 2741 1336 2826 quemad-

183 2845 311 2908 modum
326 2843 536 2930 unusquisque
551 2843 718 2922 sentiebat,
733 2851 766 2908 et
781 2843 1040 2928 quemadmodum
1059 2843 1212 2930 capiebat,
1234 2843 1281 2908 sio
1302 2851 1336 2908 et

183 2967 285 3012 sermo
299 2946 340 3010 ad
355 2967 426 3011 eum
442 2947 543 3011 lautius
558 2954 615 3010 est.
662 2945 843 3032 Superfluus
863 2956 969 3011 autem
990 2954 1023 3012 et
1045 2945 1164 3012 inutilis
1183 2945 1336 3012 adventus

184 3049 313 3114 Domini
329 3049 461 3134 parebit,
476 3049 503 3114 si
520 3049 644 3136 quidem
659 3049 744 3114 venit
759 3050 965 3136 permissurus
978 3057 1012 3115 et
1031 3059 1208 3116 servaturus
1228 3052 1335 3116 unius-

183 3152 333 3238 cujusque
348 3151 422 3216 olim
435 3151 561 3216 insitam
576 3151 616 3216 de
631 3151 702 3216 Deo
717 3152 905 3238 opinionem.
949 3151 1066 3218 Adbuc
1080 3153 1176 3217 etiam
1190 3161 1222 3218 et
1237 3152 1336 3218 multo

183 3253 290 3318 durius
313 3261 390 3332 erat,
409 3275 502 3340 quem
523 3253 679 3318 bominem
701 3253 842 3318 viderant
864 3253 980 3331 Judaei,
1001 3263 1034 3319 et
1055 3253 1139 3320 ornei
1161 3255 1335 3334 affixerant,

183 3355 362 3420 annuntiari
389 3356 472 3420 huno
495 3377 564 3420 esse
592 3354 753 3420 Christum
778 3355 895 3418 Filium
919 3355 993 3434 Dei,
1016 3365 1168 3421 ueternum
1197 3357 1336 3442 ipsorum

185 3457 315 3544 Regem.
361 3457 434 3522 Non
456 3457 553 3544 igitur
571 3459 639 3544 jam
659 3456 831 3522 seeundum
848 3457 1011 3541 pristinam
1032 3479 1139 3523 eorum
1157 3458 1335 3543 opinionem

183 3559 388 3646 loquebantur
401 3560 442 3624 ad
456 3581 518 3624 eos
564 3559 625 3640 Qui
649 3559 786 3622 enimin
812 3559 925 3623 faeiem
947 3559 1161 3626 interfectores
1185 3583 1240 3626 eos
1265 3583 1335 3626 esso

184 3659 312 3726 Domini
328 3661 482 3740 dicebant,
499 3661 597 3726 multo
613 3661 715 3748 magis
729 3661 915 3727 fiducialiter
929 3683 1000 3727 eum
1016 3661 1155 3740 Patrem,
1171 3664 1224 3750 qui
1240 3685 1334 3748 super

184 3763 390 3852 Demiurgum
414 3772 473 3844 est,
495 3773 527 3829 et
546 3764 623 3850 ³ipsi
645 3765 877 3843 annuntiarent,
902 3774 935 3831 et
958 3787 1021 3831 non
1047 3767 1079 3831 id
1100 3767 1182 3852 quod
1205 3769 1336 3853 putabat

182 3867 412 3954 unusquisque;
435 3876 468 3932 et
480 3866 577 3931 multo
592 3867 696 3932 miuus
710 3875 778 3932 erat
792 3876 964 3954 peecatum,
980 3868 1133 3953 siquidem
1148 3868 1337 3954 superiorem

185 3969 388 4049 Salvatorem,
414 3969 455 4034 ad
480 3991 573 4055 quem
598 3970 766 4036 ascendere
795 3993 850 4036 eos
878 3977 1044 4057 oporteret,
1074 3970 1222 4058 quonism
1251 3979 1334 4037 esset

231 4163 653 4228 ¹opprrtcrrds'atr'aetintersaeirtit.
688 4165 732 4215 Gr.
785 4167 827 4215 tha
852 4165 1014 4214 substitution
1039 4165 1068 4213 ol
1091 4164 1120 4212 iu
1141 4181 1167 4214 eo
1192 4165 1290 4216 instead
1311 4167 1341 4216 of

183 4250 364 4311 διεχειρίσασθε,
399 4249 443 4298 tha
470 4249 544 4298 latter
573 4248 634 4296 verb
660 4248 735 4312 being
784 4247 839 4310 ῄιω,
864 4248 983 4296 indicates
1005 4247 1031 4296 in
1053 4248 1096 4297 tha
1119 4248 1201 4298 Greek
1223 4249 1290 4308 ἡμεῖς
1314 4251 1339 4298 ἐν

182 4329 261 4377 added
278 4329 491 4394 supplementally.
786 4331 857 4390 αῠνῷ,
877 4329 974 4378 instead
990 4330 1020 4379 of
1033 4330 1099 4390 ἡμεῖς
1115 4332 1187 4390 ἐσμὲν
1203 4333 1284 4380 αὐτοῦ.

232 4408 244 4442 ¹
263 4411 345 4472 parta
366 4427 420 4462 arta.
459 4411 582 4474 Interpm
600 4425 648 4474 pro
671 4411 737 4473 δεξιᾷ
833 4411 889 4460 ‘in
910 4411 988 4462 domo.
1029 4413 1070 4462 (ir.
1095 4413 1149 4462 κατ’
1172 4413 1241 4461 olroe.
1281 4411 1337 4476 Syr.

178 4493 447 4557 mmmm
482 4493 532 4543 en.
1186 4476 1338 4566 litum

226 4575 301 4627 ’The
312 4577 412 4627 cauare
425 4576 484 4626 MS.
497 4575 571 4625 omits
581 4589 672 4635 mmm,
686 4573 736 4624 and
834 4572 845 4604 ⁵
861 4571 919 4636 ipsi,
933 4573 983 4624 Ga.
997 4573 1063 4622 from
1073 4573 1116 4623 the
1127 4573 1208 4622 Voss.
1220 4572 1255 4622 at.
1267 4571 1337 4635 ipris.
