3334 5070
641 417 685 470 IN
711 417 882 473 cumano.
1270 403 1334 467 121

182 607 256 661 πον,
282 577 343 660 την
372 578 471 660 αὐτὴν
494 578 600 666 ἐκείνῳ
627 585 685 660 τῆς
714 575 890 669 ’γεννήσεως
914 578 1001 674 ἔχειν
1030 578 1226 660 ὁμοιότητα.
1271 576 1335 654 Εἰς·
1370 589 1474 676 Q}

180 691 219 760 ‘rt'
253 687 307 760 miv
341 691 445 760 πάλιν
480 690 534 760 οὔκ
569 691 676 779 ἔλαβε
711 696 793 786 χοῦν
827 694 846 761 ὁ
884 689 976 776 Θεὸς,
1014 690 1095 761 ἀλλ’
1130 691 1164 760 ἐκ
1198 681 1498 788 Maptarllllllll'·

181 801 342 900 ἕνῆργησε
366 802 429 886 τήν
450 803 579 873 πλάσιν
599 803 775 894 γενέσθαι;
794 801 869 874 Ἷνο
896 802 942 886 roi
972 802 1060 885 ἄλλη
1087 799 1214 880 πλᾶσιι·
1241 803 1335 893 γένη·
1351 774 1498 858 -ιἪ-

180 944 247 998 ται,
276 913 358 998 μηδὲ
383 913 473 986 ἄλλο
496 913 539 986 τὸ
569 913 755 1016 σωζόμενον
785 913 812 1008 ᾗ,
843 915 922 985 ἀλλ’
940 913 1058 992 ἀὐτὸς
1084 916 1199 992 ἐκεῖνος
1224 915 1335 986 εἰνακι-

182 1031 369 1124 φολαιωθῇ,
396 1027 591 1126 τηρουμένης
615 1035 674 1110 τῆς
701 1028 912 1112 ὁμοιότητος.
947 1027 1067 1118 Ἀγαν
1094 1025 1147 1098 οὖν
1170 1027 1334 1099 πίπτουσι

95 1193 100 1204 .
153 1139 235 1209 ,καὶ
269 1143 302 1210 οἵ
335 1141 503 1230 λέγοντες,
537 1139 637 1210 αὑτὸν
667 1138 765 1223 μηδὲν
799 1141 968 1238 εἰληφέναι
1001 1141 1035 1210 ἐκ
1071 1148 1129 1222 τῆς
1161 1141 1334 1238 παρθένον,

180 1251 218 1321 ’ἵν’
244 1252 414 1338 ἐκβάλωσι
440 1251 501 1334 την
526 1259 584 1334 τῆς
608 1251 730 1351 σαρκὸς
752 1254 980 1351 κληρονομίαν,
1007 1252 1061 1323 rai
1085 1249 1335 1340 ἇποβιῖλωνται

181 1365 242 1446 τὴν
269 1365 466 1447 ὁμοιότητα.

181 1587 296 1652 babere
320 1587 564 1654 similitudinem.
619 1587 723 1670 Quare
748 1587 844 1675 igitur
872 1608 935 1652 non
957 1587 1069 1652 iterum
1090 1585 1205 1651 sumsit
1225 1583 1335 1650 limum

181 1689 280 1768 Deus,
305 1689 359 1755 sed
383 1713 423 1756 ex
444 1691 549 1756 Maria
572 1699 718 1776 operatus
737 1699 786 1756 est
809 1689 1046 1777 plasmationem
1065 1687 1155 1754 fierit
1201 1687 1250 1754 Ut
1271 1709 1335 1754 non

181 1792 242 1856 alia
265 1793 429 1879 plasmatio
452 1794 549 1870 fieret,
574 1815 675 1881 neque
694 1793 757 1858 alia
774 1801 858 1860 esset
878 1793 1042 1878 plasmatio
1064 1813 1134 1877 quae
1153 1791 1334 1867 salvaretur,

181 1895 237 1958 sed
266 1894 375 1960 eadem
403 1895 471 1980 ipsa
499 1895 764 1982 recapitularetur,
794 1901 918 1960 servata
950 1893 1163 1958 similitudine.
1217 1892 1336 1958 Errant

180 1995 277 2084 igitur
300 1997 352 2083 qui
376 1997 494 2073 dieunt,
517 2018 589 2061 eum
612 1997 689 2060 nihil
712 2021 753 2063 ex
777 1997 910 2084 Virgine
931 1995 1100 2081 accepisse,
1125 2003 1162 2060 ut
1184 1995 1336 2080 abjiciant

181 2102 283 2164 earnis
307 2099 531 2177 haereditatem,
555 2099 705 2185 abjiciant
724 2108 829 2165 autem
848 2107 881 2164 et
904 2098 1149 2164 similitudinem.
1195 2097 1229 2163 Si
1251 2098 1335 2164 enim

181 2203 232 2268 ille
255 2205 380 2290 quidem
399 2205 438 2268 de
458 2211 551 2281 terra,
576 2210 608 2267 et
624 2225 719 2267 manu
742 2211 775 2268 et
800 2202 932 2268 artifieio
953 2201 1024 2280 Dei,
1045 2200 1282 2287 plasmationem
1302 2209 1335 2268 et

180 2305 387 2370 substantiam
410 2304 530 2384 habuit,
554 2305 606 2370 bio
629 2315 735 2370 autem
754 2326 817 2370 non
839 2325 934 2368 mann
954 2312 986 2368 et
1009 2302 1142 2368 artifieio
1163 2303 1246 2378 Dei;
1267 2305 1334 2389 jam

180 2429 243 2473 non
258 2409 392 2473 servavit
405 2407 639 2476 similitudinem
653 2407 798 2484 hominis,
818 2407 870 2494 qui
892 2409 995 2472 faetus
1009 2415 1058 2471 est
1072 2407 1243 2471 seeundum
1257 2406 1335 2470 ima·

179 2509 285 2596 ginem
300 2509 398 2595 ipsius
413 2517 445 2574 et
459 2509 705 2586 similitudinem,
723 2517 756 2576 et
774 2509 974 2574 linconstans
988 2508 1153 2573 artificium
1168 2507 1332 2586 videbitur,

179 2633 243 2676 non
265 2611 385 2676 habens
406 2612 489 2676 eirea
509 2613 591 2696 quod
617 2611 762 2676 ostendat
784 2611 971 2698 sapientiam
992 2633 1092 2676 suam.
1132 2609 1205 2675 Ηοο
1226 2617 1333 2674 autem

180 2715 284 2780 dicere
309 2721 367 2793 est,
395 2723 428 2780 et
451 2715 590 2802 putative
615 2715 796 2800 apparuisse
822 2735 906 2792 eum,
932 2721 965 2778 et
990 2721 1141 2800 tanquam
1163 2712 1332 2791 hominem,

180 2841 252 2884 eum
278 2841 341 2884 non
360 2826 444 2884 esset
466 2818 578 2884 homo:
602 2826 635 2884 et
653 2819 770 2883 laetum
795 2840 867 2883 eum
887 2817 1055 2894 bominem,
1077 2816 1152 2881 nihil
1172 2838 1333 2882 assumen-

179 2931 245 2988 tem
270 2923 310 2988 de
335 2923 469 2988 homine.
518 2923 551 2989 Si
576 2923 659 2988 enim
679 2945 741 2987 non
760 2923 883 3009 aceepit
906 2922 948 2987 ab
972 2921 1098 2986 homine
1125 2921 1333 2986 substantiam

180 3028 292 3104 carnis,
313 3047 414 3113 neque
434 3025 527 3091 bomo
548 3025 650 3091 iactus
671 3033 729 3104 est,
751 3047 851 3112 neque
870 3023 971 3089 Filius
986 3022 1152 3088 Hominis:
1176 3031 1209 3088 et
1228 3022 1255 3087 si
1272 3022 1333 3088 hoo

76 3153 108 3194 ιι.
118 3153 162 3192 ιιι.
180 3149 243 3192 non
258 3129 360 3194 laetus
382 3136 431 3194 est
446 3127 530 3213 quod
548 3149 606 3194 nos
621 3149 753 3206 eramus,
770 3148 833 3192 non
852 3147 1001 3212 magnum
1016 3123 1150 3189 faciebat
1165 3123 1247 3210 quod
1262 3144 1332 3210 pas·

179 3253 234 3297 sus
249 3241 298 3297 est
317 3239 350 3297 et
364 3231 522 3297 sustinuit.
569 3231 638 3297 Nos
656 3239 762 3296 autem
777 3230 924 3317 quoniam
938 3251 1051 3315 eorpus
1070 3251 1177 3294 sumus
1196 3229 1235 3292 de
1249 3235 1333 3292 terra

178 3344 351 3422 acceptum,
376 3343 409 3400 et
431 3335 537 3399 anima
559 3333 715 3420 accipiens
732 3355 753 3398 a
774 3333 843 3398 Deo
862 3333 1016 3418 spiritum,
1039 3331 1139 3397 omnis
1157 3331 1333 3418 quicunque

178 3440 387 3505 confitebitur.
434 3437 508 3504 Ηοο
523 3438 628 3524 itaque
649 3439 766 3503 sactum
789 3445 839 3502 est
862 3437 1004 3503 Verbum
1019 3436 1091 3516 Dei,
1106 3457 1198 3502 suum
1213 3435 1333 3521 plasma

178 3543 232 3607 8in
250 3543 452 3627 semetipsum
470 3541 697 3628 recapitulans:
721 3548 754 3606 et
769 3549 894 3628 propter
911 3540 971 3606 hoe
992 3539 1110 3604 Filium
1131 3538 1279 3603 Hominis
1297 3559 1332 3603 se

178 3645 354 3723 confitetur,
370 3651 402 3710 et
423 3645 583 3710 beatificat
604 3645 699 3723 mites,
722 3645 866 3731 quoniam
884 3644 946 3730 ipsi
965 3641 1185 3708 toeroditabuat
1206 3651 1331 3706 terram.
1344 3670 1405 3710 nar
1414 3681 1433 3711 v.
1441 3671 1459 3709 ι.

179 3747 226 3812 Et
240 3747 413 3834 Apostolus
427 3755 533 3812 autem
549 3747 667 3813 Paulus
682 3747 715 3810 in
727 3746 859 3832 epistola
873 3768 943 3831 quae
957 3753 1006 3811 est
1019 3746 1061 3810 ad
1076 3743 1216 3822 Galatas,
1233 3742 1332 3808 mani·

177 3849 257 3914 feste
270 3849 330 3914 ait:
354 3851 446 3914 Misit
460 3849 545 3916 Deua
558 3850 680 3916 Filium
694 3869 792 3928 suum,
802 3849 926 3934 sactum
941 3847 978 3912 de
993 3847 1129 3912 muliera.
1166 3845 1212 3910 Et
1226 3868 1332 3913 rursus
1344 3871 1389 3912 oo
1398 3871 1425 3910 o.
1434 3873 1453 3910 ι

176 3951 210 4017 in
235 3973 367 4038 eaquae
385 3961 434 4017 est
459 3953 500 4018 ad
525 3953 701 4017 Romanos:
724 3951 774 4016 De
798 3951 886 4016 Filio
910 3958 1021 4026 οιιιιιιι,
1045 3948 1157 4036 inquit,
1181 3948 1254 4034 ιηίιι,
1278 3951 1333 4036 qui
1346 3976 1484 4023 nonnas.

177 4056 278 4124 facto
291 4063 333 4118 est
347 4075 384 4120 οιι
396 4055 506 4120 aoniae
520 4055 631 4119 David
642 4054 805 4120 amandum
822 4074 953 4130 οιινιιοιιι,
970 4052 1024 4139 qui
1036 4051 1277 4138 proedestinatus
1291 4061 1334 4118 ast

176 4156 285 4222 Filius
315 4157 380 4222 Dei
408 4159 443 4222 ιἰι
471 4159 592 4235 vinata,
622 4157 785 4221 secundum
821 4154 975 4242 Spiritum
1009 4155 1266 4238 ιοιιοιηῖοιιίίοιιιι,
1296 4177 1334 4221 σοι

177 4262 396 4327 νοιιιννοονὶοιιο
410 4270 605 4340 omanorum,
620 4259 697 4324 Jeru
714 4260 829 4326 utristi
843 4258 974 4324 Domini
987 4257 1094 4327 nostri.

226 4465 237 4498 ¹
255 4467 326 4516 αὐτὸς
338 4467 429 4526 ἐκεῖνος,
440 4465 524 4514 Adam
535 4479 569 4515 so.
585 4465 623 4514 Os.
636 4480 657 4514 o,
666 4475 731 4514 xxx.
832 4461 844 4496 ¹
859 4465 897 4515 As
917 4463 1047 4514 Mnssusr
1062 4463 1185 4526 observes,
1198 4465 1241 4514 the
1255 4469 1333 4514 trans·

177 4547 324 4598 Macestus
350 4548 416 4598 aiter
442 4548 572 4608 σωζόμενον
603 4545 674 4596 reads
708 4543 731 4608 ἦ,
783 4546 900 4597 lationol'
910 4547 1053 4608 ἀσύστατον,
1067 4545 1227 4596 moutam.

178 4629 427 4694 wbiebagreeswitb
438 4630 480 4678 the
491 4629 647 4679 translation.
832 4627 891 4678 'rb
907 4629 999 4680 ἑαυτόν.
1036 4628 1212 4689 Ot.123,n.a.
