3334 5070
333 359 378 422 94
757 369 882 424 FILIUS
907 370 1059 424 SEMPER

191 545 295 633 {¹3¹}-
416 553 449 619 3.
492 531 567 602 Τοῦ
598 529 782 612 πνεύματος
813 529 867 601 οῦν
894 530 1118 605 κατελθόντος
1148 525 1199 598 διδι
1229 527 1288 610 τίην
1317 559 1486 627 προωρισ·

168 639 315 726 ffihll'l‘lfi'
333 645 428 728 με’νην
462 644 657 727 οίκονομίαν,
692 643 746 713 καί
782 649 846 714 τοῦ
874 643 958 713 Υίοῦ
990 648 1053 713 τοῦ
1085 642 1173 713 Θεοῦ
1205 647 1409 731 μονογενοῦς,
1451 641 1486 717 ὃς

172 733 387 828 ..Q-rai
423 757 529 848 λόγος
565 756 640 828 ε’στῖ
674 761 738 827 τοῦ
773 753 924 853 ΠαΤΡός,
963 755 1122 832 ἐλθόντος
1160 760 1223 826 7οῡ
1260 752 1485 852 πληρώματος

163 850 319 988 ’Ξίᾚίῗῶ
334 876 397 944 τοῦ
414 870 546 969 χρόνου,
572 868 799 968 σαρκωθέντος
827 870 860 936 ἐν
886 867 1046 966 ἇνθρώπῳ
1077 861 1184 974 [udde
1215 863 1256 936 δι’
1280 859 1484 970 ἄνθρωπον],

170 959 269 1034 ινίυι.ιι
287 957 305 994 ²⁶
333 983 386 1054 καί
417 985 531 1052 πᾶσαν
558 982 618 1064 τίην
646 977 733 1052 κατὰ
760 980 934 1079 ἄνθρωπον
974 981 1161 1062 οἰκονομίαν
1198 980 1483 1076 ἐκπληρώσαντας,

332 1101 393 1168 τοῦ
411 1095 537 1193 Κυρίου
566 1098 652 1178 ἡμῶν
677 1093 821 1178 ’Ἰησοῦ
852 1091 919 1170 ἑνὸς
945 1092 997 1162 καί
1015 1097 1076 1163 τοῦ
1101 1092 1203 1163 αὑτοῦ
1230 1092 1333 1172 ὄντος,
1361 1093 1401 1166 οἷς
1430 1091 1485 1162 αιί-

332 1207 391 1286 τδς
419 1211 437 1278 ὁ
466 1207 588 1306 Κύριος
616 1217 786 1306 μαρτυρεῖ,
815 1205 868 1276 καί
898 1208 932 1276 οί
959 1204 1152 1276 ἀπόστολοι
1190 1207 1399 1295 ὁμολογοῦσι
1429 1203 1482 1274 καί

333 1324 367 1392 οἱ
397 1328 572 1420 προφῆται
604 1322 813 1418 κηρύττουσι·
850 1315 983 1414 ψευδεῖς
1023 1315 1267 1412 ἀπεδείχθησαν
1300 1318 1407 1385 πᾶσαι
1449 1319 1485 1387 αι’

333 1431 542 1504 διδασκαλίαι
569 1437 635 1503 τῶν
662 1429 724 1508 τὰς
751 1427 923 1522 ὀγδοάδος,
949 1429 1003 1500 καί
1029 1425 1202 1528 τετράδας,
1236 1428 1306 1500 2καί
1336 1425 1483 1511 δοκήσεις

332 1543 629 1644 παρεξευρηκότιυν.

396 1737 428 1800 3.
487 1735 605 1821 Spiritu
635 1733 739 1820 itaque
769 1734 976 1800 descendente
1006 1733 1114 1819 ⁸super
1143 1731 1324 1817 praedictam
1353 1730 1483 1818 disposi-

330 1837 458 1916 tionem,
473 1847 506 1902 ct
522 1838 604 1902 Filio
620 1837 680 1901 Dei
703 1837 873 1923 unigenito,
901 1837 953 1922 qui
979 1845 1010 1901 et
1029 1835 1170 1900 Verbum
1192 1843 1242 1900 est
1263 1835 1378 1912 Petris,
1399 1835 1482 1898 veni-

329 1949 403 2006 ente
418 1939 605 2027 plenitudine
620 1941 779 2026 temporie,
795 1939 957 2004 incarneto
979 1939 1011 2002 in
1029 1937 1154 2003 homine
1172 1945 1298 2024 propter
1314 1937 1480 2012 hominem,

330 2052 363 2106 et
392 2064 515 2106 omnem
551 2042 720 2107 secundum
756 2041 912 2106 hominem
949 2039 1181 2127 dispositionem
1217 2039 1365 2126 implente
1402 2039 1482 2104 Jesu

332 2144 456 2210 Christo
473 2145 609 2210 Domino
629 2153 747 2222 nostro,
772 2167 834 2209 uno
857 2152 890 2209 et
913 2145 1022 2210 eodem
1044 2142 1225 2221 exsistente,
1248 2143 1330 2207 sicut
1358 2151 1392 2207 et
1415 2143 1482 2228 ipse

332 2247 488 2313 Dominus
502 2256 644 2326 testetur,
664 2256 696 2313 et
717 2247 862 2334 Apostoli
885 2248 1081 2324 confitentur,
1100 2255 1133 2310 et
1155 2245 1315 2331 propbetae
1336 2245 1481 2310 annuuti-

331 2359 396 2430 ont,
433 2351 598 2418 menduces
627 2360 762 2416 ostensae
799 2359 873 2415 sunt
902 2349 1052 2415 universae
1088 2349 1237 2413 doctrines
1274 2371 1391 2427 corum,
1428 2347 1481 2434 qui

331 2455 546 2520 octonationes
571 2463 603 2520 et
632 2453 884 2540 quetemotiones
913 2453 1069 2538 putativus
1097 2451 1329 2530 adinvenerunt,
1353 2460 1387 2516 et
1409 2452 1480 2516 sub
1494 2468 1580 2512 uun.

330 2557 496 2624 divisiones
531 2559 805 2644 excogitaverunt:
845 2558 898 2644 qui
936 2557 1086 2642 Spiritum
1125 2556 1250 2644 quidem
1289 2556 1480 2634 interimunt,

330 2659 425 2724 alium
438 2669 544 2726 eutem
560 2661 729 2736 Christum,
745 2667 777 2723 et
795 2659 891 2724 alium
909 2658 1023 2723 desum
1043 2659 1230 2745 intelligunt,
1251 2666 1283 2723 ct
1300 2681 1363 2724 non
1386 2681 1482 2723 unum

331 2764 501 2842 Christum,
528 2766 583 2829 sed
609 2765 713 2848 plures
739 2763 833 2827 fuisse
857 2763 987 2826 docent:
1008 2770 1041 2825 et
1064 2763 1091 2826 si
1117 2762 1222 2828 unitos
1251 2785 1306 2827 eos
1335 2764 1481 2837 dixerint,

331 2867 441 2930 iterum
453 2867 621 2930 ostendunt
632 2866 718 2928 ⁴eum
730 2865 855 2948 quidem
867 2863 1067 2949 participasse
1079 2865 1262 2948 passionem,
1279 2865 1362 2930 hunc
1376 2874 1482 2930 eutem

330 2967 551 3050 impossibilem
572 2987 804 3051 perseverasse3
832 2974 865 3030 et
889 2965 972 3029 bunc
995 2965 1119 3048 quidem
1148 2967 1325 3032 ascendisse
1351 2968 1383 3030 in
1411 2969 1481 3032 Ple·

329 3089 427 3144 roma,
454 3067 536 3131 hunc
561 3075 666 3132 autern
697 3067 730 3130 in
756 3066 924 3130 medietate
947 3065 1155 3140 remensisse;
1187 3074 1220 3130 et
1245 3067 1328 3132 huuc
1355 3069 1481 3155 quidem

330 3170 362 3232 in
395 3169 598 3233 invisibilibus
626 3177 659 3233 et
687 3167 960 3233 innominabilibus
992 3167 1110 3253 epulari
1142 3176 1175 3233 et
1207 3170 1364 3248 oblectari,
1397 3171 1481 3239 huno

328 3277 435 3334 autem
464 3269 598 3335 assidere
629 3270 811 3356 Demiurg0,
841 3276 1044 3334 evacuantem
1068 3291 1140 3334 eum
1166 3271 1290 3338 virtute.
1328 3272 1423 3339 Unde
1448 3283 1481 3343 et

329 3372 484 3457 oportebit
498 3381 531 3436 et
545 3381 586 3449 te,
602 3381 634 3438 et
649 3373 820 3458 omnesqui
836 3372 1001 3437 intendunt
1019 3373 1093 3439 huic
1112 3374 1291 3461 Scripturae,
1308 3385 1341 3441 ct
1355 3377 1479 3444 solliciti
1493 3399 1567 3443 ome.

328 3482 402 3540 suut
413 3497 468 3560 pro
479 3496 536 3540 sua
548 3475 658 3552 salute,
669 3497 741 3552 non,
757 3497 853 3561 quum
865 3475 997 3540 audiunt
1006 3476 1176 3542 lorinsecus
1190 3501 1296 3544 eorum
1310 3502 1479 3560 sermones,

328 3586 440 3663 sponte
459 3579 679 3654 succumbere;
708 3578 821 3643 similia
842 3579 925 3642 enirn
948 3579 1109 3664 loquentes
1129 3581 1280 3661 fidelibus,
1300 3584 1383 3649 sicut
1402 3607 1480 3671 prae·

327 3681 474 3758 diximus,
497 3703 561 3746 nou
582 3682 682 3746 solum
704 3681 866 3746 dissimilia
887 3682 1023 3767 sapiunt,
1049 3682 1157 3748 sedet
1179 3687 1342 3766 contrarie,
1369 3697 1402 3754 et
1425 3711 1480 3776 per

328 3784 432 3849 omnia
447 3784 538 3870 plenu
551 3784 761 3870 blasphemiis,
781 3807 836 3870 per
859 3807 928 3871 quae
947 3785 1137 3850 interficiunt
1157 3808 1220 3865 eos,
1232 3788 1289 3872 vqui
1304 3811 1359 3875 per
1373 3791 1480 3856 simili-

327 3887 468 3952 tudinem
494 3889 656 3953 verborum
678 3887 828 3954 dissimile
856 3887 1046 3952 ⁶effectionis
1071 3910 1178 3953 eorum
1202 3889 1292 3956 inse
1317 3893 1480 3958 attrabunt

377 4073 387 4106 ¹
405 4075 506 4126 Schultz
523 4077 584 4127 adds
598 4072 824 4144 Xprcrori,'mersly
836 4080 878 4128 ob·
927 4079 999 4137 μὲν..
1008 4116 1014 4129 .
1023 4081 1064 4130 τὸν
1080 4082 1114 4131 δέ.

327 4156 426 4219 serving
436 4157 493 4206 thot
504 4157 598 4207 Genus
609 4161 682 4209 omits
694 4162 735 4209 the
746 4161 823 4210 word.
978 4161 989 4193 ⁵
1006 4161 1101 4211 (isselt
1126 4169 1241 4228 suggests
1264 4164 1409 4228 infectionis,
1433 4169 1479 4218 but

376 4235 388 4267 ¹
405 4239 444 4284 και
455 4239 568 4298 δοκήσας,
578 4239 602 4300 f.
612 4240 654 4302 lep.
668 4244 850 4302 καταδοκήτουι.
927 4245 997 4294 there
1008 4245 1029 4293 is
1040 4261 1073 4294 no
1084 4248 1207 4312 necessity
1213 4247 1252 4296 for
1259 4247 1318 4298 this.
1337 4249 1390 4298 The
1397 4250 1479 4299 Greek

377 4315 388 4347 ³
404 4331 484 4378 cuper,
504 4319 544 4366 ἐπὶ
561 4327 629 4368 must
646 4322 709 4370 hove
719 4323 781 4372 been
794 4325 821 4372 in
835 4325 879 4373 tho
928 4327 1071 4385 παθήματος
1089 4328 1175 4376 makes
1191 4344 1252 4394 very
1268 4329 1333 4393 good
1349 4345 1427 4380 sense.
1458 4333 1480 4381 ot

328 4395 480 4446 umumr’r
491 4413 570 4461 oopy;
587 4415 624 4448 we
635 4402 723 4450 should
734 4419 786 4467 say,
800 4405 879 4454 under
928 4407 959 4455 δι’
975 4408 1113 4467 ὁμοιότητος
1130 4412 1179 4458 τῶν
1193 4412 1306 4472 ῥημάτων
1325 4413 1432 4471 ἀνόμοιον
1450 4415 1480 4463 τὸ

328 4476 366 4524 the
378 4477 501 4536 prorniud
516 4478 687 4540 dispunctore.
926 4489 971 4536 τοῦ
998 4491 1140 4548 παθήματος
1170 4495 1248 4540 αὐτῶν
1276 4495 1403 4557 φάρμακον
1430 4497 1479 4544 ἐπι·

377 4555 458 4604 ‘eum
486 4557 696 4620 quidem...th
722 4569 808 4622 auum,
837 4567 880 4613 τὸν
927 4569 1037 4617 σπῶνται
1055 4572 1087 4618 εἰς
1104 4571 1208 4622 ἑαυτούς.
