3334 5070
342 385 407 450 124
709 399 803 453 EVAE
831 399 1122 454 INOBEDIENTIAE

195 571 305 658 apstuli.
339 553 476 620 humano
491 575 586 621 eausa
606 555 690 620 laeta
711 563 760 622 est
781 555 902 621 salutis.
947 555 992 621 Et
1012 564 1139 644 propter
1158 555 1219 622 hoe
1243 555 1310 620 Lex
1331 575 1401 620 eam
1422 575 1493 643 qua

196 629 295 750 {idid
339 653 526 740 desponsata
553 665 621 724 erat
648 657 725 736 viro,
754 657 829 723 licet
856 657 944 746 virgo
970 657 1013 724 sit
1041 658 1154 736 adhuc,
1185 679 1316 723 uxorem
1341 659 1410 744 ejus
1438 655 1492 743 qui

181 756 313 843 ”tili-,¹4¹2
339 759 579 846 desponsaverat
602 769 703 841 vocat,
720 783 790 826 eam
806 783 875 848 quae
895 769 944 826 eet
963 782 983 826 a
1004 761 1108 826 Maria
1131 761 1164 826 in
1188 759 1289 826 Evavn
1313 758 1492 826 ¹recircula-

172 913 325 1000 mm,
337 862 455 1030 pionem
470 863 673 1011 Plssnlfiffnffi
696 865 770 982 quia
790 864 962 1032 nopllslitpr
981 863 1264 1031 qundflooffitum
1289 870 1341 1031 ῐέ
1360 861 1492 1030 solvere}

257 988 263 1000 ·
352 987 576 1052 ur,n1s11peae
618 989 818 1054 compagines
875 989 927 1054 rga
941 989 1022 1032 roms
1038 987 1072 1032 re
1095 989 1130 1031 ee
1201 989 1238 1030 ur
1259 989 1293 1032 re
1343 988 1430 1039 rens;
1455 987 1475 1030 n

336 1067 446 1153 primae
460 1069 695 1156 conjunctiones
708 1069 867 1133 solvantur
881 1089 936 1154 per
950 1069 1113 1147 secundae,
1135 1069 1280 1133 secundae
1295 1089 1401 1133 nunus
1414 1067 1491 1132 libe·

336 1180 407 1234 rent
426 1171 551 1256 primas.
597 1171 641 1236 Et
662 1173 765 1238 evenit
783 1173 914 1258 primam
936 1171 1062 1259 quidem
1084 1171 1299 1258 compaginem
1320 1172 1491 1236 asecunda

336 1271 534 1357 colligatione
548 1273 675 1351 solvere,
691 1273 859 1338 secundam
873 1295 945 1338 vero
960 1273 1189 1359 colligationem
1205 1273 1313 1356 primae
1327 1271 1490 1338 solutionis

172 1388 323 1474 melpsa
337 1373 451 1440 habere
465 1375 578 1441 locum.
616 1376 660 1440 Ει
680 1385 806 1462 propter
825 1377 884 1442 hoc
906 1376 1062 1442 Dominus
1081 1376 1205 1440 dicebat
1226 1375 1343 1461 primos
1365 1375 1489 1461 quidem
1501 1403 1590 1444 esee

336 1478 521 1544 novissimos
544 1479 665 1542 futuros
693 1488 727 1544 et
752 1479 936 1544 novissimos
965 1479 1092 1566 primos.
1137 1477 1181 1543 Ει
1204 1477 1355 1564 propheta
1382 1486 1490 1544 antem

173 1605 306 1650 serven.
336 1579 396 1644 hoe
426 1579 509 1646 idem
537 1581 705 1668 signifieat,
735 1581 859 1646 dicens:
894 1583 963 1646 Pro
982 1583 1126 1668 petridem
1150 1582 1219 1648 nati
1241 1591 1311 1646 sunt
1333 1580 1390 1647 tihi
1410 1582 1489 1662 filii.

336 1683 581 1768 ⁸Pre'mopoaiioe
593 1683 677 1748 enim
691 1693 873 1749 mortuorum
887 1693 979 1750 natus
995 1685 1160 1760 Dominus,
1176 1692 1209 1749 et
1226 1683 1259 1748 in
1278 1685 1380 1748 sinum
1397 1705 1491 1752 sumn

336 1785 490 1870 recipiens
522 1785 671 1872 pristinos
696 1795 812 1872 patres,
839 1787 1033 1876 regeneravit
1058 1809 1113 1852 eos
1139 1787 1295 1852 invitam
1322 1786 1394 1865 Dei,
1422 1787 1490 1873 ipsc

335 1887 479 1952 ‘initium
503 1887 672 1952 viventium
693 1887 804 1968 faetus,
832 1888 980 1976 quoniam
1004 1887 1108 1952 Adam
1138 1887 1263 1954 initium
1289 1888 1489 1954 morientium

335 1987 438 2054 iactus
452 1997 512 2054 est.
558 1988 690 2076 Pmpter
704 1991 763 2056 hoe
778 1999 811 2056 et
828 1990 930 2055 Lucae
950 1990 1074 2055 initium
1093 1990 1304 2077 generationis
1317 2013 1338 2054 a
1353 1990 1490 2056 Domino

336 2091 487 2157 inchoans
509 2093 543 2156 in
557 2093 663 2156 Adam
678 2093 794 2172 retulit,
810 2093 991 2180 significans
1012 2092 1158 2179 quoniam
1180 2113 1243 2158 non
1262 2091 1306 2158 illi
1324 2092 1490 2170 benesed

335 2191 386 2258 hic
409 2192 478 2258 illos
507 2193 540 2258 in
558 2193 763 2282 Evangelium
786 2194 859 2260 vitae
883 2193 1086 2280 regeneravit.
1144 2193 1197 2258 sie
1222 2201 1328 2258 autem
1352 2201 1385 2258 et
1412 2193 1490 2258 Eva

334 2294 552 2362 inobedientiae
570 2296 670 2362 nodus
692 2297 878 2362 solutionem
897 2296 1019 2380 aecepit
1040 2317 1096 2382 per
1118 2295 1345 2362 'obedientiam
1364 2295 1490 2364 Mariae.

335 2397 427 2481 Quod
455 2400 538 2465 enim
566 2399 706 2486 alligavit
728 2400 816 2486 virgo
842 2397 912 2464 Eva
940 2419 997 2485 per
1025 2397 1284 2476 incredulitatem,
1314 2397 1375 2464 hoe
1401 2399 1490 2486 virgo

335 2502 439 2570 Maria
454 2503 546 2568 solvit
560 2503 732 2590 perfidem.

400 2609 431 2672 2.
466 2607 602 2672 Necesse
616 2627 691 2692 ergo
706 2605 775 2684 luit,
791 2605 964 2671 Dominum
977 2605 1018 2670 ad
1033 2605 1186 2690 perditam
1198 2626 1287 2670 ovem
1301 2605 1489 2684 venientem,

333 2716 366 2774 et
380 2716 478 2774 tantae
492 2707 705 2796 dispositionis
718 2708 1007 2794 recapitulationem
1022 2709 1198 2786 sementem,
1217 2717 1249 2774 et
1263 2731 1355 2774 suum
1370 2709 1490 2796 plasma

332 2811 550 2896 requirentem,
578 2811 664 2875 illum
693 2811 795 2894 ipsum
825 2810 982 2876 hominem
1015 2811 1143 2889 salvare,
1174 2811 1226 2898 qui
1256 2813 1358 2876 faetus
1387 2813 1489 2876 iuerat

332 2913 503 2978 secundum
524 2913 694 2999 imaginem
713 2923 747 2978 et
764 2913 997 2978 similitudinem
1016 2915 1094 3000 ejus,
1115 2913 1147 2978 id
1166 2922 1225 2992 est,
1247 2915 1353 2979 Adam
1368 2914 1489 2980 ‘adim-

377 3063 616 3128 ¹rcrireulotionrm,
638 3067 823 3130 ανοπεριφοράι,
848 3066 887 3115 for
936 3067 1020 3130 λαβὼν
1051 3067 1106 3116 τοὺς
1139 3067 1291 3130 πατριάρχας
1319 3069 1391 3116 ιι.τ.λ.
1435 3067 1489 3116 'l'he

334 3148 488 3211 ἀνιπιφορὼ,
513 3149 605 3198 relato.
644 3149 760 3196 Srrssrrv
785 3148 885 3198 rendere
935 3147 1022 3196 render
1043 3163 1102 3212 may
1121 3147 1172 3196 also
1194 3163 1309 3212 eompare
1331 3149 1374 3197 the
1396 3149 1489 3198 several

334 3231 378 3278 the
394 3230 462 3278 word
480 3230 535 3278 well
551 3229 586 3294 by
601 3229 834 3294 Zuritokdeeiedung,
859 3231 885 3280 in
936 3229 1068 3288 inetanees,
1089 3227 1182 3292 quoted
1204 3234 1231 3278 at
1253 3245 1296 3293 pp.
1317 3227 1445 3291 334—336
1463 3231 1492 3279 oi

335 3311 448 3375 English,
467 3327 484 3360 a
500 3311 692 3374 bnokvrqfcrcnce.
938 3309 986 3360 wo
999 3309 1091 3371 aede,
1106 3311 1130 3358 in
1149 3309 1229 3358 which
1245 3309 1288 3358 the
1304 3309 1371 3374 early
1384 3311 1489 3361 Fathera

384 3391 573 3455 ’compagines
603 3393 655 3453 lte,
685 3393 804 3442 rendered
831 3394 885 3443 into
936 3391 1066 3456 axpreaeed
1078 3391 1120 3439 the
1131 3390 1207 3439 belief
1215 3391 1394 3440 thatChristin
1403 3391 1489 3442 Hadra

335 3475 431 3525 Greek:
457 3477 477 3522 sl
495 3475 529 3534 μὴ
548 3476 659 3524 αὐτὰτὰ
677 3477 820 3536 corripuere
842 3478 885 3536 τῆς
936 3471 1256 3537 proclaimedremissionoi
1264 3471 1489 3536 sinatotheapirite

336 3559 469 3618 ἐπιπλοκῆς
491 3557 671 3620 ἀναστρέφηται
690 3560 721 3606 ele
741 3559 774 3606 rh
795 3557 881 3618 oreo,
937 3553 1284 3619 ofpntriarchaandjustmen
1291 3553 1486 3602 thereeoniined.

335 3639 374 3687 iva
390 3640 415 3686 al
433 3637 546 3701 πρότεραι
565 3639 639 3687 disere
652 3639 690 3686 διὰ
707 3639 755 3686 τῶν
771 3639 886 3700 δευτέρων
938 3637 983 3685 See
999 3637 1050 3685 also
1068 3637 1111 3685 tha
1124 3635 1185 3684 false
1195 3634 1279 3699 gospel
1290 3635 1319 3683 os
1326 3633 1485 3697 Nicodemum

336 3721 492 3782 ὀναλύωνται,
506 3723 578 3768 ιι.π.λ.
936 3718 949 3777 ἓ
962 3730 1041 3767 xvl11.
1054 3719 1097 3768 doc.

383 3803 394 3836 ⁸
411 3802 596 3868 Primogmitur.
621 3801 674 3852 The
684 3801 801 3851 firetborn
809 3801 885 3866 being
984 3797 996 3830 ⁴
1012 3799 1107 3847 Graan
1124 3803 1230 3848 restores
1246 3797 1290 3847 the
1306 3797 1376 3846 nord
1388 3797 1488 3847 initium

334 3885 491 3934 consecrated
507 3890 534 3933 ιο
547 3883 677 3944 ιΙιοῙιοιᾱ,
692 3884 809 3932 ιιιοιοπιιι
821 3901 884 3946 πρω-
935 3895 962 3930 ae
985 3882 1092 3942 ἀπαρχὴ,
1118 3881 1166 3930 but
1188 3881 1255 3930 since
1276 3881 1361 3930 Adam
1380 3882 1402 3930 is
1419 3897 1487 3931 more

333 3968 431 4017 πύτοκοι
449 3967 475 4015 in
493 3965 572 4030 living
589 3967 674 4030 things
694 3965 823 4030 expreaeed
841 3965 884 4013 the
935 3961 1050 4026 properly
1062 3961 1104 4010 the
1110 3961 1166 4022 first
1177 3961 1206 4010 oi
1215 3963 1259 4012 the
1269 3961 1356 4027 dying,
1368 3963 1431 4012 than
1444 3963 1487 4011 the

332 4063 400 4097 same
427 4048 483 4098 idea
509 4064 537 4097 ae
563 4049 674 4110 ἀπαρχαὶ
698 4048 723 4095 in
748 4047 884 4096 inanimato
929 4043 1067 4106 fintfruita,
1092 4043 1113 4092 it
1130 4059 1208 4092 seems
1226 4045 1362 4108 preferable
1384 4049 1411 4092 ιο
1428 4059 1486 4092 con·

331 4129 424 4192 things,
438 4133 526 4177 sunu
538 4127 636 4193 applied
648 4133 675 4177 ιο
686 4143 732 4176 our
743 4127 811 4175 Lord
822 4127 883 4175 with
934 4124 999 4173 sider
1014 4125 1057 4174 tha
1077 4125 1144 4172 vvord
1161 4141 1189 4174 as
1208 4125 1298 4188 simply
1316 4125 1486 4188 representing

331 4211 453 4258 reference
475 4215 502 4258 ιο
524 4210 567 4258 the
585 4209 771 4272 nave-offering
792 4209 822 4255 οι·
840 4207 883 4256 the
934 4206 1005 4268 ἀρχή.

331 4289 437 4338 Peechal
448 4289 593 4354 selemnit53
609 4305 649 4339 see
660 4289 880 4340 Hist.cnd1'lrcol.
981 4287 993 4318 ⁸
1009 4287 1061 4336 The
1082 4287 1164 4336 Voss.
1187 4285 1298 4349 reading,
1321 4283 1481 4346 cadmiam,

331 4369 709 4434 oftchrceds,pp.375—377.
735 4369 787 4419 'l'he
799 4371 882 4421 Greek
934 4371 1013 4430 decbr,
1033 4369 1054 4418 is
1071 4375 1117 4418 not
1134 4385 1166 4417 an
1185 4366 1338 4430 improbable
1356 4381 1418 4427 one;
1434 4367 1484 4416 and

331 4451 648 4518 perhapsranasfollovvs:
668 4452 822 4514 Πρωτὸποκοι
833 4455 882 4516 γὰρ
932 4449 1139 4513 forperreadob.
1170 4449 1209 4499 Ol.
1223 4447 1279 4497 Gal.
1292 4447 1325 4498 iii.
1340 4461 1362 4498 a.

331 4533 359 4582 ἐκ
372 4534 458 4593 νεκρῶν
473 4531 536 4594 (001.
549 4532 565 4580 i.
583 4531 619 4591 18,
633 4531 697 4580 Rev.
710 4533 726 4580 i.
744 4533 769 4593 5)
782 4549 881 4594 γεγινη·
980 4530 992 4563 ⁰
1010 4530 1186 4592 adimplentem.
1207 4529 1268 4590 Ab„
1278 4529 1481 4592 Onnssii.‚Voss4.,

330 4615 399 4674 μένος
410 4613 423 4662 d
435 4613 528 4674 Κύριοι,
541 4614 573 4663 eir
582 4611 624 4661 τὸν
632 4613 722 4661 κόλπον
730 4615 803 4661 edroi
808 4629 880 4671 μετα·
932 4612 1021 4661 Mnno.
1036 4622 1076 4671 11.,
1094 4611 1125 4659 al.
1144 4611 1286 4674 implentem.
