3270 5080
448 407 549 463 DEUS
574 407 997 464 INOOMPREHENSIBILIS.
1230 397 1295 460 211

569 634 670 704 cnr.
692 634 877 702 xxxnr.
1333 584 1436 761 {igni}

148 783 467 874 Qttmodnodon
483 785 742 884 inoestipobzlis
757 801 789 863 et
801 787 1172 888 incomprehensibllis
1189 801 1299 864 oeten·
1323 734 1448 856 saffira

221 897 326 974 clitnr
350 899 391 994 is,
420 901 486 1002 qni
507 901 604 977 ltonc
629 931 707 1004 qno
732 903 930 980 secundnm
953 931 1017 980 nos
1049 918 1099 980 est
1132 904 1299 982 condidit
1315 891 1461 900 *-

219 1031 437 1095 crectnrnon.

148 1197 180 1259 1.
215 1195 270 1258 An
291 1217 370 1280 quos
388 1195 474 1282 juste
491 1195 562 1283 quis
582 1195 678 1275 dicat,
697 1196 957 1282 quemadmodum
972 1196 1039 1283 ipse
1054 1217 1156 1262 sermo
1171 1197 1299 1285 ¹sugge-

146 1297 203 1362 rit:
224 1298 384 1379 Quatenus
405 1319 500 1382 anper
521 1299 624 1363 Deum
646 1299 795 1365 extollitis
817 1299 1024 1386 cogitationes
1043 1308 1172 1378 vestras,
1193 1301 1299 1366 incon-

146 1400 282 1465 siderate
296 1400 386 1466 elati?
429 1400 576 1466 Audistis
596 1423 709 1466 nmmos
728 1423 786 1466 osee
807 1401 891 1466 coelos
908 1401 943 1465 in
957 1402 1086 1488 panim
1110 1402 1203 1470 dicite
1221 1403 1298 1468 mihi
1311 1430 1440 1471 amu.

146 1525 334 1582 mensuram,
358 1512 391 1570 et
414 1512 557 1570 enarrate
578 1504 808 1569 multitudinem
831 1505 1007 1570 cubitorum
1032 1505 1296 1586 innumerabilem,

146 1606 311 1692 'exponite
341 1607 417 1670 mihi
444 1605 676 1693 plenitudinem,
703 1606 910 1684 latitudinem,
939 1615 972 1672 et
1001 1607 1237 1695 longitudinem,
1264 1619 1297 1675 et

146 1707 351 1788 altitudinem,
367 1709 723 1774 circummensurationis
739 1708 861 1773 initium
872 1717 905 1774 et
915 1709 1020 1788 finem,
1036 1731 1106 1796 qnae
1117 1731 1180 1774 non
1191 1711 1298 1777 'intel-

146 1809 215 1897 ligit
230 1833 283 1875 cor
297 1811 440 1890 bominis,
453 1820 486 1876 et
500 1833 563 1875 non
576 1811 811 1897 comprehendit
825 1831 873 1877 ea.
897 1811 983 1877 Vere
998 1813 1081 1876 enim
1095 1834 1210 1900 magna
1224 1822 1299 1880 sunt

146 1915 435 2002 thesaurophylaeia
450 1915 608 1981 coelestia:
628 1915 904 1980 *immensurabilis
921 1925 970 1980 est
988 1915 1020 1978 in
1037 1917 1130 1981 eorde
1149 1916 1246 1994 Deus,
1265 1925 1299 1984 et

146 2017 465 2104 incomprehensibilis
494 2017 526 2081 in
551 2017 665 2096 animo,
691 2017 744 2102 qui
769 2017 1004 2104 comprehendit
1027 2025 1141 2084 terram
1170 2019 1298 2107 pugillo.

146 2120 242 2202 “Quis
264 2121 390 2208 respicit
405 2143 581 2186 mensuram
601 2121 719 2185 dextrae
741 2121 827 2206 ejusl
865 2109 1020 2208 Digitum'
1030 2121 1099 2208 quis
1117 2123 1299 2210 cognoscit!

147 2223 217 2298 Aut
227 2245 353 2288 manum
364 2225 432 2310 ejus
447 2225 516 2310 quis
530 2223 701 2311 ⁶intelligit,
712 2245 782 2288 eam
797 2245 867 2310 quae
882 2233 1041 2289 mensuret
1055 2224 1215 2304 immensa,
1228 2247 1299 2290 eam

147 2349 218 2414 qnae
233 2327 333 2392 tendit
347 2349 492 2393 mensura
505 2348 563 2391 sua
573 2347 750 2391 mensuram
764 2327 922 2401 coelorum,
935 2335 968 2391 et
982 2327 1167 2414 constringit
1182 2328 1298 2415 pugillo

145 2438 261 2494 terram
276 2452 346 2495 cum
367 2429 497 2516 abyssis,
513 2451 582 2516 quae
602 2428 635 2492 in
649 2450 684 2493 se
702 2429 841 2493 continet
859 2427 1066 2507 latitudinem,
1085 2437 1118 2494 et
1131 2429 1299 2515 longitudi-

146 2555 229 2610 nem,
251 2540 284 2598 et
304 2533 490 2618 profundum
515 2532 669 2609 deorsum,
690 2540 723 2596 et
743 2530 939 2595 altitudinem
960 2552 1126 2616 supernam
1148 2532 1299 2598 universas

146 2635 343 2714 conditionis,
356 2658 425 2723 quae
440 2634 569 2713 videtur,
586 2655 656 2720 qnae
669 2633 795 2699 auditur
806 2642 839 2699 et
853 2633 1045 2720 intelligitur,
1064 2644 1097 2700 et
1108 2657 1178 2721 quae
1193 2635 1299 2701 invisi·

146 2739 217 2805 bilis
236 2741 301 2806 esti
340 2739 384 2804 Et
405 2746 531 2825 propter
551 2737 610 2803 hoc
632 2759 724 2824 snper
745 2759 829 2801 onnno
849 2737 1001 2815 ‘initinrn
1022 2747 1050 2802 ot
1062 2747 1248 2824 potestatem,
1271 2749 1446 2819 nepsam.

147 2843 389 2920 dominationem,
412 2851 440 2907 ot
459 2863 543 2906 onnno
557 2862 662 2905 nomon
681 2839 762 2927 qnod
776 2839 952 2904 nominator
970 2840 1108 2903 omnium
1127 2861 1197 2926 quae
1214 2839 1298 2908 facta

147 2944 282 3010 'suntet
300 2945 426 3010 condita
439 2952 523 3023 sunt,
538 2941 693 3008 exsistens
712 2941 811 3007 Deus.
850 2941 923 3028 lpse
937 2949 986 3006 est
1001 2942 1053 3026 qui
1068 2941 1164 3007 coelos
1178 2942 1296 3030 implet,

147 3055 179 3111 et
190 3047 335 3132 perspicit
345 3048 484 3132 abyssoS,
494 3045 547 3132 qui
559 3052 608 3110 est
622 3045 734 3110 ⁸etiam
748 3065 820 3108 cnm
828 3065 1013 3130 unoquoque
1025 3053 1183 3109 nostrum:
1202 3045 1296 3126 Dona,
1309 3074 1349 3114 ra.
1359 3075 1419 3114 un.
1428 3076 1459 3113 an

147 3149 229 3214 enim
253 3148 363 3236 inquit,
384 3149 635 3235 appopinquante
658 3169 708 3233 opo
729 3168 805 3224 soon,
832 3156 861 3212 ot
883 3167 943 3210 non
964 3145 1050 3211 Dona
1068 3147 1106 3212 do
1128 3147 1295 3234 bapinqno.

147 3253 186 3318 Si
199 3251 393 3318 absconditor
411 3253 494 3318 tonw
513 3253 548 3316 in
564 3250 722 3328 absconsio,
741 3260 769 3315 ot
787 3272 837 3336 epo
851 3271 917 3315 cnm
937 3271 997 3314 non
1013 3249 1141 3315 anton
1180 3251 1297 3318 Manus

146 3357 230 3422 enim
257 3358 325 3444 ejus
352 3355 557 3442 apprehendit
585 3353 706 3420 omnia:
738 3354 862 3440 etipsa
886 3362 935 3419 est
961 3377 1030 3441 quae
1054 3354 1150 3420 coelos
1172 3354 1297 3443 quidem

146 3459 308 3538 illuminat,
323 3459 475 3524 illuminat
489 3459 584 3524 etiam
598 3478 669 3544 quae
682 3457 741 3522 sub
752 3457 831 3523 coelo
845 3465 929 3536 sunt,
945 3467 977 3522 et
991 3465 1148 3524 scrutatur
1160 3481 1250 3524 renes
1264 3467 1297 3525 et

146 3562 250 3640 corda,
270 3570 303 3626 et
318 3561 351 3625 in
365 3561 525 3626 absconsis
545 3561 627 3625 inest
647 3568 679 3623 et
694 3559 727 3623 in
741 3559 870 3624 secretis
887 3559 1013 3638 nostris,
1032 3569 1066 3624 et
1080 3560 1113 3624 in
1131 3561 1297 3626 manifesto

146 3665 203 3730 alit
217 3673 249 3730 et
264 3673 425 3730 conservat
438 3687 507 3732 nos.

212 3769 243 3831 2.
289 3765 323 3831 Si
343 3775 449 3832 autem
463 3767 687 3854 plenitudinem
704 3773 737 3831 et
757 3763 1005 3852 magnitudinem
1024 3786 1135 3830 manus
1152 3766 1220 3851 ejus
1234 3787 1297 3832 non

147 3868 397 3955 ⁹comprehendit
419 3870 522 3950 homo,
540 3869 798 3960 quemadmodum
819 3867 935 3955 poterit
957 3869 1027 3956 quis
1050 3867 1220 3956 intelligere
1241 3878 1297 3936 aut

196 4023 274 4072 ²An.
286 4029 429 4086 morrona
748 4026 822 4091 digne
840 4025 999 4088 restituamus
1024 4025 1084 4076 dum
1102 4025 1298 4078 inestimabilem

195 4103 208 4136 ¹
222 4112 243 4154 ct
254 4105 312 4154 here
323 4103 454 4168 expunged
470 4104 504 4168 by
515 4104 635 4155 Mesala
651 4111 696 4156 not
747 4107 861 4156 dicimus.

145 4187 224 4238 found
234 4188 261 4236 in
272 4187 315 4236 the
327 4185 383 4246 (ln,
395 4185 447 4236 AB.
461 4200 490 4233 or
500 4185 580 4235 Voss.
594 4186 670 4236 MSS.
796 4187 807 4220 ⁸
823 4189 875 4237 An.
896 4185 945 4247 Qui
958 4185 1091 4250 peroptant
1111 4202 1257 4252 anemurum,
1276 4197 1297 4242 at

194 4268 273 4318 'Ata
287 4265 641 4332 tnntttpa...oempntmda
747 4269 835 4320 wrm
848 4269 1012 4332 q'uadipitnm
1023 4270 1077 4335 quia
1086 4273 1219 4333 coynoacttt

194 4349 206 4382 ⁴
222 4351 342 4400 hunno.
352 4350 412 4400 cites
424 4349 504 4400 orm.
513 4348 560 4412 Ep.
569 4359 613 4410 57:
626 4348 695 4398 Deus
796 4349 807 4384 ⁸
823 4353 875 4402 Aa.
888 4351 1009 4414 intelligia.
1044 4352 1153 4414 tnttom,
1166 4354 1251 4417 ἀρχήν.

145 4448 191 4482 nec
207 4431 283 4482 videri
299 4436 391 4497 potest,
408 4431 464 4480 visu
479 4431 567 4479 clarior
581 4434 631 4480 est:
650 4445 695 4480 nec
795 4431 808 4468 ⁷
822 4440 885 4494 runt,
899 4433 1257 4498 Cn.,VosS.,Mn0.1.,An.

145 4513 326 4578 comprehendi,
335 4518 406 4564 tactu
414 4513 559 4578 purioreet:
575 4528 622 4561 nec
632 4513 695 4562 resti·
796 4513 885 4577 ⁸An,
898 4515 945 4564 but
957 4514 1010 4575 On,
1020 4515 1102 4566 Voss.
1115 4523 1143 4566 a,

146 4595 215 4657 mari,
234 4611 308 4646 semu
324 4596 404 4662 major
419 4600 468 4646 est:
486 4601 512 4644 et
524 4595 579 4644 ideo
591 4595 626 4644 sic
637 4611 695 4644 enm
796 4593 807 4628 ⁹
822 4595 874 4646 Aa.
887 4593 1071 4658 amanda.
