<?xml version="1.0" encoding="UTF-8"?>
<!DOCTYPE html PUBLIC "-//W3C//DTD XHTML 1.0 Transitional//EN"
    "http://www.w3.org/TR/xhtml1/DTD/xhtml1-transitional.dtd">
<html xmlns="http://www.w3.org/1999/xhtml" xml:lang="en" lang="en">
 <head>
  <title>
</title>
<meta http-equiv="Content-Type" content="text/html;charset=utf-8" />
  <meta name='ocr-system' content='tesseract 3.04.00' />
  <meta name='ocr-capabilities' content='ocr_page ocr_carea ocr_par ocr_line ocrx_word'/>
</head>
<body>
  <div class='ocr_page' id='page_1' title='image "./sanctiirenaeili00irengoog_0142.png"; bbox 0 0 3334 5070; ppageno 0'>
   <div class='ocr_carea' id='block_1_1' title="bbox 594 395 1338 459">
    <p class='ocr_par' dir='ltr' id='par_1_1' title="bbox 594 395 1338 459">
     <span class='ocr_line' id='line_1_1' title="bbox 594 395 1338 459; baseline 0.005 -5"><span class='ocrx_word' id='word_1_1' title='bbox 594 403 704 457; x_wconf 84' lang='lat' dir='ltr'>FIDES</span> <span class='ocrx_word' id='word_1_2' title='bbox 730 404 934 459; x_wconf 80' lang='lat' dir='ltr'>ECGLESIAE.</span> <span class='ocrx_word' id='word_1_3' title='bbox 1275 395 1338 458; x_wconf 87' lang='lat'>131</span> 
     </span>
    </p>
   </div>
   <div class='ocr_carea' id='block_1_2' title="bbox 1368 582 1485 669">
    <p class='ocr_par' dir='ltr' id='par_1_2' title="bbox 1368 582 1485 669">
     <span class='ocr_line' id='line_1_2' title="bbox 1374 582 1477 622; baseline 0.01 -1"><span class='ocrx_word' id='word_1_4' title='bbox 1374 582 1428 621; x_wconf 72' lang='grc' dir='ltr'>ΜΒ.</span> <span class='ocrx_word' id='word_1_5' title='bbox 1437 583 1477 622; x_wconf 87' lang='lat'>111.</span> 
     </span>
     <span class='ocr_line' id='line_1_3' title="bbox 1368 630 1485 669; baseline 0.009 -1"><span class='ocrx_word' id='word_1_6' title='bbox 1368 630 1456 668; x_wconf 67' lang='grc' dir='ltr'>καιναί.</span> <span class='ocrx_word' id='word_1_7' title='bbox 1467 631 1485 669; x_wconf 85' lang='lat'>1.</span> 
     </span>
    </p>
   </div>
   <div class='ocr_carea' id='block_1_3' title="bbox 592 665 1495 734">
    <p class='ocr_par' dir='ltr' id='par_1_3' title="bbox 592 665 1495 734">
     <span class='ocr_line' id='line_1_4' title="bbox 592 665 1495 734; baseline -0.019 -2"><span class='ocrx_word' id='word_1_8' title='bbox 592 665 691 732; x_wconf 78' lang='lat' dir='ltr'>CAP.</span> <span class='ocrx_word' id='word_1_9' title='bbox 717 667 936 734; x_wconf 87' lang='lat' dir='ltr'>XXXVIII.</span> <span class='ocrx_word' id='word_1_10' title='bbox 1361 675 1495 716; x_wconf 72' lang='lat' dir='ltr'>carram</span> 
     </span>
    </p>
   </div>
   <div class='ocr_carea' id='block_1_4' title="bbox 1361 721 1491 807">
    <p class='ocr_par' dir='ltr' id='par_1_4' title="bbox 1361 721 1491 807">
     <span class='ocr_line' id='line_1_5' title="bbox 1361 721 1491 761; baseline 0.008 -1"><span class='ocrx_word' id='word_1_11' title='bbox 1361 721 1440 761; x_wconf 73' lang='lat' dir='ltr'>mss.</span> <span class='ocrx_word' id='word_1_12' title='bbox 1450 722 1491 761; x_wconf 89' lang='lat' dir='ltr'>lll.</span> 
     </span>
     <span class='ocr_line' id='line_1_6' title="bbox 1387 768 1472 807; baseline -0.012 0"><span class='ocrx_word' id='word_1_13' title='bbox 1387 768 1445 807; x_wconf 77' lang='lat' dir='ltr'>niv.</span> <span class='ocrx_word' id='word_1_14' title='bbox 1456 769 1472 806; x_wconf 94' lang='lat' dir='ltr'>l.</span> 
     </span>
    </p>
   </div>
   <div class='ocr_carea' id='block_1_5' title="bbox 201 817 1317 923">
    <p class='ocr_par' dir='ltr' id='par_1_5' title="bbox 201 817 1317 923">
     <span class='ocr_line' id='line_1_7' title="bbox 201 817 1317 923; baseline 0.005 -31"><span class='ocrx_word' id='word_1_15' title='bbox 201 817 390 895; x_wconf 73' lang='lat' dir='ltr'>Adversas</span> <span class='ocrx_word' id='word_1_16' title='bbox 406 845 463 895; x_wconf 82' lang='lat' dir='ltr'>eos</span> <span class='ocrx_word' id='word_1_17' title='bbox 480 819 546 920; x_wconf 83' lang='lat' dir='ltr'>qui</span> <span class='ocrx_word' id='word_1_18' title='bbox 561 848 604 896; x_wconf 76' lang='lat' dir='ltr'>ec</span> <span class='ocrx_word' id='word_1_19' title='bbox 621 848 834 921; x_wconf 77' lang='lat' dir='ltr'>quocunque</span> <span class='ocrx_word' id='word_1_20' title='bbox 851 847 965 899; x_wconf 77' lang='lat' dir='ltr'>corneo</span> <span class='ocrx_word' id='word_1_21' title='bbox 985 823 1142 899; x_wconf 80' lang='lat' dir='ltr'>sebiemo</span> <span class='ocrx_word' id='word_1_22' title='bbox 1154 823 1317 923; x_wconf 79' lang='lat' dir='ltr'>socient.</span> 
     </span>
    </p>
   </div>
   <div class='ocr_carea' id='block_1_6' title="bbox 71 985 1493 3038">
    <p class='ocr_par' dir='ltr' id='par_1_6' title="bbox 183 985 1439 2104">
     <span class='ocr_line' id='line_1_8' title="bbox 252 985 1338 1074; baseline 0.006 -26"><span class='ocrx_word' id='word_1_23' title='bbox 252 989 282 1050; x_wconf 87' lang='lat'>1.</span> <span class='ocrx_word' id='word_1_24' title='bbox 327 985 525 1052; x_wconf 74' lang='lat' dir='ltr'>Tannuoms</span> <span class='ocrx_word' id='word_1_25' title='bbox 552 985 648 1074; x_wconf 89' lang='lat' dir='ltr'>igitur</span> <span class='ocrx_word' id='word_1_26' title='bbox 677 987 831 1065; x_wconf 90' lang='lat' dir='ltr'>omnibus,</span> <span class='ocrx_word' id='word_1_27' title='bbox 854 987 907 1074; x_wconf 93' lang='lat' dir='ltr'>qui</span> <span class='ocrx_word' id='word_1_28' title='bbox 934 988 1085 1053; x_wconf 87' lang='lat' dir='ltr'>nefandas</span> <span class='ocrx_word' id='word_1_29' title='bbox 1106 987 1244 1054; x_wconf 82' lang='lat' dir='ltr'>inferunt</span> <span class='ocrx_word' id='word_1_30' title='bbox 1267 1010 1338 1054; x_wconf 89' lang='lat' dir='ltr'>sen·</span> 
     </span>
     <span class='ocr_line' id='line_1_9' title="bbox 184 1087 1339 1178; baseline 0.003 -26"><span class='ocrx_word' id='word_1_31' title='bbox 184 1089 301 1153; x_wconf 87' lang='lat' dir='ltr'>tentiae</span> <span class='ocrx_word' id='word_1_32' title='bbox 324 1087 363 1154; x_wconf 91' lang='lat' dir='ltr'>de</span> <span class='ocrx_word' id='word_1_33' title='bbox 388 1089 507 1154; x_wconf 82' lang='lat' dir='ltr'>factore</span> <span class='ocrx_word' id='word_1_34' title='bbox 531 1097 565 1155; x_wconf 93' lang='lat' dir='ltr'>et</span> <span class='ocrx_word' id='word_1_35' title='bbox 588 1089 776 1176; x_wconf 80' lang='lat' dir='ltr'><strong>plasmatore</strong></span> <span class='ocrx_word' id='word_1_36' title='bbox 803 1099 921 1170; x_wconf 89' lang='lat' dir='ltr'>nostro,</span> <span class='ocrx_word' id='word_1_37' title='bbox 948 1091 1001 1178; x_wconf 92' lang='lat' dir='ltr'>qui</span> <span class='ocrx_word' id='word_1_38' title='bbox 1025 1100 1059 1158; x_wconf 92' lang='lat' dir='ltr'>et</span> <span class='ocrx_word' id='word_1_39' title='bbox 1082 1093 1165 1158; x_wconf 91' lang='lat' dir='ltr'>hunc</span> <span class='ocrx_word' id='word_1_40' title='bbox 1188 1091 1339 1156; x_wconf 91' lang='lat' dir='ltr'>mundum</span> 
     </span>
     <span class='ocr_line' id='line_1_10' title="bbox 183 1191 1339 1281; baseline 0.003 -26"><span class='ocrx_word' id='word_1_41' title='bbox 183 1191 352 1258; x_wconf 80' lang='lat' dir='ltr'>fabricatus</span> <span class='ocrx_word' id='word_1_42' title='bbox 379 1202 437 1271; x_wconf 90' lang='lat' dir='ltr'>est,</span> <span class='ocrx_word' id='word_1_43' title='bbox 462 1215 557 1278; x_wconf 91' lang='lat' dir='ltr'>super</span> <span class='ocrx_word' id='word_1_44' title='bbox 578 1215 670 1281; x_wconf 91' lang='lat' dir='ltr'>quem</span> <span class='ocrx_word' id='word_1_45' title='bbox 691 1193 772 1259; x_wconf 87' lang='lat' dir='ltr'>alius</span> <span class='ocrx_word' id='word_1_46' title='bbox 794 1195 882 1260; x_wconf 89' lang='lat' dir='ltr'>Deus</span> <span class='ocrx_word' id='word_1_47' title='bbox 903 1217 967 1260; x_wconf 94' lang='lat' dir='ltr'>non</span> <span class='ocrx_word' id='word_1_48' title='bbox 985 1204 1053 1269; x_wconf 85' lang='lat' dir='ltr'>est;</span> <span class='ocrx_word' id='word_1_49' title='bbox 1078 1204 1111 1260; x_wconf 91' lang='lat' dir='ltr'>et</span> <span class='ocrx_word' id='word_1_50' title='bbox 1137 1195 1213 1281; x_wconf 92' lang='lat' dir='ltr'>ipsis</span> <span class='ocrx_word' id='word_1_51' title='bbox 1234 1203 1339 1260; x_wconf 93' lang='lat' dir='ltr'>osten-</span> 
     </span>
     <span class='ocr_line' id='line_1_11' title="bbox 183 1295 1337 1384; baseline 0.001 -24"><span class='ocrx_word' id='word_1_52' title='bbox 183 1295 324 1360; x_wconf 79' lang='lat' dir='ltr'>sionibus</span> <span class='ocrx_word' id='word_1_53' title='bbox 353 1296 468 1361; x_wconf 88' lang='lat' dir='ltr'>eversis</span> <span class='ocrx_word' id='word_1_54' title='bbox 493 1296 553 1376; x_wconf 90' lang='lat' dir='ltr'>his,</span> <span class='ocrx_word' id='word_1_55' title='bbox 584 1296 637 1384; x_wconf 94' lang='lat' dir='ltr'>qui</span> <span class='ocrx_word' id='word_1_56' title='bbox 667 1297 706 1362; x_wconf 91' lang='lat' dir='ltr'>de</span> <span class='ocrx_word' id='word_1_57' title='bbox 734 1297 911 1363; x_wconf 87' lang='lat' dir='ltr'>substantia</span> <span class='ocrx_word' id='word_1_58' title='bbox 940 1297 1070 1363; x_wconf 87' lang='lat' dir='ltr'>Domini</span> <span class='ocrx_word' id='word_1_59' title='bbox 1098 1297 1208 1378; x_wconf 89' lang='lat' dir='ltr'>nostri,</span> <span class='ocrx_word' id='word_1_60' title='bbox 1235 1305 1269 1362; x_wconf 92' lang='lat' dir='ltr'>et</span> <span class='ocrx_word' id='word_1_61' title='bbox 1298 1297 1337 1362; x_wconf 92' lang='lat' dir='ltr'>de</span> 
     </span>
     <span class='ocr_line' id='line_1_12' title="bbox 184 1397 1334 1486; baseline 0.001 -24"><span class='ocrx_word' id='word_1_62' title='bbox 184 1397 386 1482; x_wconf 83' lang='lat' dir='ltr'>dispositione</span> <span class='ocrx_word' id='word_1_63' title='bbox 411 1421 504 1485; x_wconf 89' lang='lat' dir='ltr'>quam</span> <span class='ocrx_word' id='word_1_64' title='bbox 530 1399 605 1465; x_wconf 84' lang='lat' dir='ltr'>fecit</span> <span class='ocrx_word' id='word_1_65' title='bbox 628 1408 754 1486; x_wconf 89' lang='lat' dir='ltr'>propter</span> <span class='ocrx_word' id='word_1_66' title='bbox 779 1399 936 1465; x_wconf 91' lang='lat' dir='ltr'>hominem</span> <span class='ocrx_word' id='word_1_67' title='bbox 966 1423 1068 1478; x_wconf 84' lang='lat' dir='ltr'>suurn,</span> <span class='ocrx_word' id='word_1_68' title='bbox 1098 1401 1176 1465; x_wconf 87' lang='lat' dir='ltr'>falsa</span> <span class='ocrx_word' id='word_1_69' title='bbox 1201 1400 1334 1474; x_wconf 88' lang='lat' dir='ltr'>docent;</span> 
     </span>
     <span class='ocr_line' id='line_1_13' title="bbox 183 1499 1338 1590; baseline 0.002 -26"><span class='ocrx_word' id='word_1_70' title='bbox 183 1499 436 1586; x_wconf 76' lang='lat' dir='ltr'>praedicationem</span> <span class='ocrx_word' id='word_1_71' title='bbox 450 1524 523 1568; x_wconf 91' lang='lat' dir='ltr'>vero</span> <span class='ocrx_word' id='word_1_72' title='bbox 545 1503 696 1568; x_wconf 86' lang='lat' dir='ltr'>Ecclesiae</span> <span class='ocrx_word' id='word_1_73' title='bbox 719 1503 871 1590; x_wconf 89' lang='lat' dir='ltr'>¹undique</span> <span class='ocrx_word' id='word_1_74' title='bbox 891 1511 1098 1581; x_wconf 81' lang='lat' dir='ltr'>constantem,</span> <span class='ocrx_word' id='word_1_75' title='bbox 1121 1511 1154 1568; x_wconf 93' lang='lat' dir='ltr'>et</span> <span class='ocrx_word' id='word_1_76' title='bbox 1176 1503 1338 1590; x_wconf 86' lang='lat' dir='ltr'>aequaliter</span> 
     </span>
     <span class='ocr_line' id='line_1_14' title="bbox 183 1605 1336 1693; baseline 0.003 -26"><span class='ocrx_word' id='word_1_77' title='bbox 183 1612 441 1690; x_wconf 87' lang='lat' dir='ltr'>perseverantem,</span> <span class='ocrx_word' id='word_1_78' title='bbox 472 1614 505 1670; x_wconf 92' lang='lat' dir='ltr'>et</span> <span class='ocrx_word' id='word_1_79' title='bbox 534 1605 747 1671; x_wconf 89' lang='lat' dir='ltr'>testimonium</span> <span class='ocrx_word' id='word_1_80' title='bbox 776 1605 945 1672; x_wconf 77' lang='lat' dir='ltr'>habentem</span> <span class='ocrx_word' id='word_1_81' title='bbox 980 1629 1000 1672; x_wconf 89' lang='lat' dir='ltr'>a</span> <span class='ocrx_word' id='word_1_82' title='bbox 1034 1607 1194 1693; x_wconf 90' lang='lat' dir='ltr'>prophetis</span> <span class='ocrx_word' id='word_1_83' title='bbox 1227 1615 1260 1671; x_wconf 91' lang='lat' dir='ltr'>et</span> <span class='ocrx_word' id='word_1_84' title='bbox 1296 1607 1336 1670; x_wconf 91' lang='lat' dir='ltr'>ab</span> 
     </span>
     <span class='ocr_line' id='line_1_15' title="bbox 183 1707 1439 1797; baseline 0.004 -26"><span class='ocrx_word' id='word_1_85' title='bbox 183 1707 357 1792; x_wconf 89' lang='lat' dir='ltr'>Apostolis,</span> <span class='ocrx_word' id='word_1_86' title='bbox 372 1715 405 1773; x_wconf 91' lang='lat' dir='ltr'>et</span> <span class='ocrx_word' id='word_1_87' title='bbox 419 1709 459 1774; x_wconf 87' lang='lat' dir='ltr'>ab</span> <span class='ocrx_word' id='word_1_88' title='bbox 475 1709 619 1776; x_wconf 92' lang='lat' dir='ltr'>omnibus</span> <span class='ocrx_word' id='word_1_89' title='bbox 638 1709 807 1795; x_wconf 84' lang='lat' dir='ltr'>discipulis,</span> <span class='ocrx_word' id='word_1_90' title='bbox 830 1713 843 1751; x_wconf 79' lang='lat'><strong>²</strong></span> <span class='ocrx_word' id='word_1_91' title='bbox 849 1710 1110 1797; x_wconf 87' lang='lat' dir='ltr'>quemadmodum</span> <span class='ocrx_word' id='word_1_92' title='bbox 1132 1709 1335 1788; x_wconf 85' lang='lat' dir='ltr'>ostendimus,</span> <span class='ocrx_word' id='word_1_93' title='bbox 1427 1757 1439 1776; x_wconf 86' lang='grc'><strong>.</strong></span> 
     </span>
     <span class='ocr_line' id='line_1_16' title="bbox 183 1810 1335 1899; baseline 0.003 -25"><span class='ocrx_word' id='word_1_94' title='bbox 183 1814 256 1896; x_wconf 81' lang='lat' dir='ltr'>⁸per</span> <span class='ocrx_word' id='word_1_95' title='bbox 268 1810 367 1890; x_wconf 89' lang='lat' dir='ltr'>initia,</span> <span class='ocrx_word' id='word_1_96' title='bbox 386 1819 419 1878; x_wconf 91' lang='lat' dir='ltr'>et</span> <span class='ocrx_word' id='word_1_97' title='bbox 438 1813 632 1892; x_wconf 76' lang='lat' dir='ltr'>medietates,</span> <span class='ocrx_word' id='word_1_98' title='bbox 647 1821 680 1878; x_wconf 91' lang='lat' dir='ltr'>et</span> <span class='ocrx_word' id='word_1_99' title='bbox 694 1813 800 1893; x_wconf 90' lang='lat' dir='ltr'>finem,</span> <span class='ocrx_word' id='word_1_100' title='bbox 816 1823 849 1880; x_wconf 91' lang='lat' dir='ltr'>et</span> <span class='ocrx_word' id='word_1_101' title='bbox 864 1835 919 1899; x_wconf 91' lang='lat' dir='ltr'>per</span> <span class='ocrx_word' id='word_1_102' title='bbox 933 1813 1107 1879; x_wconf 90' lang='lat' dir='ltr'>universam</span> <span class='ocrx_word' id='word_1_103' title='bbox 1129 1813 1191 1878; x_wconf 92' lang='lat' dir='ltr'>Dei</span> <span class='ocrx_word' id='word_1_104' title='bbox 1206 1811 1335 1898; x_wconf 87' lang='lat' dir='ltr'>disposi-</span> 
     </span>
     <span class='ocr_line' id='line_1_17' title="bbox 183 1913 1336 2004; baseline 0.002 -27"><span class='ocrx_word' id='word_1_105' title='bbox 183 1913 310 1993; x_wconf 90' lang='lat' dir='ltr'>tionem,</span> <span class='ocrx_word' id='word_1_106' title='bbox 335 1923 368 1980; x_wconf 91' lang='lat' dir='ltr'>et</span> <span class='ocrx_word' id='word_1_107' title='bbox 392 1937 462 1980; x_wconf 87' lang='lat' dir='ltr'>eam</span> <span class='ocrx_word' id='word_1_108' title='bbox 491 1937 561 2004; x_wconf 83' lang='lat' dir='ltr'>quae</span> <span class='ocrx_word' id='word_1_109' title='bbox 587 1917 758 1982; x_wconf 88' lang='lat' dir='ltr'>secundum</span> <span class='ocrx_word' id='word_1_110' title='bbox 782 1918 915 1983; x_wconf 86' lang='lat' dir='ltr'>salutem</span> <span class='ocrx_word' id='word_1_111' title='bbox 944 1917 1080 1982; x_wconf 86' lang='lat' dir='ltr'>hominis</span> <span class='ocrx_word' id='word_1_112' title='bbox 1109 1923 1158 1982; x_wconf 89' lang='lat' dir='ltr'>est</span> <span class='ocrx_word' id='word_1_113' title='bbox 1187 1915 1336 1980; x_wconf 85' lang='lat' dir='ltr'>⁴solidam</span> 
     </span>
     <span class='ocr_line' id='line_1_18' title="bbox 183 2015 1337 2104; baseline -0.001 -22"><span class='ocrx_word' id='word_1_114' title='bbox 183 2015 404 2101; x_wconf 82' lang='lat' dir='ltr'>operationem,</span> <span class='ocrx_word' id='word_1_115' title='bbox 421 2041 490 2104; x_wconf 83' lang='lat' dir='ltr'>quoe</span> <span class='ocrx_word' id='word_1_116' title='bbox 505 2027 554 2084; x_wconf 86' lang='lat' dir='ltr'>est</span> <span class='ocrx_word' id='word_1_117' title='bbox 568 2019 600 2084; x_wconf 93' lang='lat' dir='ltr'>in</span> <span class='ocrx_word' id='word_1_118' title='bbox 615 2019 676 2084; x_wconf 91' lang='lat' dir='ltr'>lide</span> <span class='ocrx_word' id='word_1_119' title='bbox 688 2027 814 2093; x_wconf 87' lang='lat' dir='ltr'>nostra;</span> <span class='ocrx_word' id='word_1_120' title='bbox 837 2039 930 2104; x_wconf 88' lang='lat' dir='ltr'>quam</span> <span class='ocrx_word' id='word_1_121' title='bbox 945 2027 1123 2104; x_wconf 82' lang='lat' dir='ltr'>perceptam</span> <span class='ocrx_word' id='word_1_122' title='bbox 1138 2018 1178 2082; x_wconf 88' lang='lat' dir='ltr'>ab</span> <span class='ocrx_word' id='word_1_123' title='bbox 1195 2015 1337 2082; x_wconf 84' lang='lat' dir='ltr'>Ecclesia</span> 
     </span>
    </p>

    <p class='ocr_par' dir='ltr' id='par_1_7' title="bbox 71 2121 1493 3038">
     <span class='ocr_line' id='line_1_19' title="bbox 71 2121 1336 2208; baseline 0.001 -24"><span class='ocrx_word' id='word_1_124' title='bbox 71 2136 104 2176; x_wconf 71' lang='lat' dir='ltr'>M·</span> <span class='ocrx_word' id='word_1_125' title='bbox 125 2134 168 2172; x_wconf 73' lang='lat'>⁹2³-</span> <span class='ocrx_word' id='word_1_126' title='bbox 183 2121 384 2200; x_wconf 87' lang='lat' dir='ltr'>custodimus,</span> <span class='ocrx_word' id='word_1_127' title='bbox 411 2129 444 2187; x_wconf 92' lang='lat' dir='ltr'>et</span> <span class='ocrx_word' id='word_1_128' title='bbox 470 2145 539 2207; x_wconf 87' lang='lat' dir='ltr'>quae</span> <span class='ocrx_word' id='word_1_129' title='bbox 562 2143 684 2208; x_wconf 87' lang='lat' dir='ltr'>semper</span> <span class='ocrx_word' id='word_1_130' title='bbox 708 2143 728 2187; x_wconf 88' lang='lat' dir='ltr'>a</span> <span class='ocrx_word' id='word_1_131' title='bbox 753 2121 871 2208; x_wconf 90' lang='lat' dir='ltr'>Spiritu</span> <span class='ocrx_word' id='word_1_132' title='bbox 894 2121 966 2202; x_wconf 92' lang='lat' dir='ltr'>Dei,</span> <span class='ocrx_word' id='word_1_133' title='bbox 991 2121 1079 2208; x_wconf 87' lang='lat' dir='ltr'>quasi</span> <span class='ocrx_word' id='word_1_134' title='bbox 1102 2122 1134 2186; x_wconf 90' lang='lat' dir='ltr'>in</span> <span class='ocrx_word' id='word_1_135' title='bbox 1157 2142 1230 2185; x_wconf 90' lang='lat' dir='ltr'>vase</span> <span class='ocrx_word' id='word_1_136' title='bbox 1253 2121 1336 2186; x_wconf 91' lang='lat' dir='ltr'>bono</span> 
     </span>
     <span class='ocr_line' id='line_1_20' title="bbox 182 2223 1337 2313; baseline 0.001 -26"><span class='ocrx_word' id='word_1_137' title='bbox 182 2223 331 2289; x_wconf 87' lang='lat' dir='ltr'>eximium</span> <span class='ocrx_word' id='word_1_138' title='bbox 346 2226 501 2312; x_wconf 89' lang='lat' dir='ltr'>quoddam</span> <span class='ocrx_word' id='word_1_139' title='bbox 515 2225 707 2313; x_wconf 64' lang='lat' dir='ltr'>ldepositum</span> <span class='ocrx_word' id='word_1_140' title='bbox 726 2225 939 2312; x_wconf 83' lang='lat' dir='ltr'>juvenescens,</span> <span class='ocrx_word' id='word_1_141' title='bbox 955 2233 988 2290; x_wconf 90' lang='lat' dir='ltr'>et</span> <span class='ocrx_word' id='word_1_142' title='bbox 1005 2225 1205 2310; x_wconf 88' lang='lat' dir='ltr'>juvenescere</span> <span class='ocrx_word' id='word_1_143' title='bbox 1218 2223 1337 2288; x_wconf 83' lang='lat' dir='ltr'>faciens</span> 
     </span>
     <span class='ocr_line' id='line_1_21' title="bbox 182 2325 1335 2418; baseline 0.002 -28"><span class='ocrx_word' id='word_1_144' title='bbox 182 2325 284 2414; x_wconf 91' lang='lat' dir='ltr'>ipsum</span> <span class='ocrx_word' id='word_1_145' title='bbox 307 2351 362 2394; x_wconf 89' lang='lat' dir='ltr'>vas</span> <span class='ocrx_word' id='word_1_146' title='bbox 385 2329 418 2394; x_wconf 90' lang='lat' dir='ltr'>in</span> <span class='ocrx_word' id='word_1_147' title='bbox 442 2353 504 2418; x_wconf 90' lang='lat' dir='ltr'>quo</span> <span class='ocrx_word' id='word_1_148' title='bbox 531 2339 591 2396; x_wconf 87' lang='lat' dir='ltr'>est.</span> <span class='ocrx_word' id='word_1_149' title='bbox 637 2331 710 2395; x_wconf 89' lang='lat' dir='ltr'>Hoc</span> <span class='ocrx_word' id='word_1_150' title='bbox 734 2329 817 2395; x_wconf 92' lang='lat' dir='ltr'>enim</span> <span class='ocrx_word' id='word_1_151' title='bbox 843 2329 995 2395; x_wconf 82' lang='lat' dir='ltr'>Ecclesiae</span> <span class='ocrx_word' id='word_1_152' title='bbox 1021 2328 1174 2394; x_wconf 89' lang='lat' dir='ltr'>creditum</span> <span class='ocrx_word' id='word_1_153' title='bbox 1197 2335 1246 2394; x_wconf 88' lang='lat' dir='ltr'>est</span> <span class='ocrx_word' id='word_1_154' title='bbox 1273 2328 1335 2392; x_wconf 91' lang='lat' dir='ltr'>Dei</span> 
     </span>
     <span class='ocr_line' id='line_1_22' title="bbox 182 2429 1336 2518; baseline 0.001 -24"><span class='ocrx_word' id='word_1_155' title='bbox 182 2451 305 2510; x_wconf 92' lang='lat' dir='ltr'>munus,</span> <span class='ocrx_word' id='word_1_156' title='bbox 326 2433 586 2517; x_wconf 87' lang='lat' dir='ltr'>quemadmodum</span> <span class='ocrx_word' id='word_1_157' title='bbox 613 2431 777 2518; x_wconf 81' lang='lat' dir='ltr'>⁶aspiretio</span> <span class='ocrx_word' id='word_1_158' title='bbox 800 2431 1006 2518; x_wconf 89' lang='lat' dir='ltr'>plasmationi,</span> <span class='ocrx_word' id='word_1_159' title='bbox 1029 2430 1070 2494; x_wconf 89' lang='lat' dir='ltr'>ad</span> <span class='ocrx_word' id='word_1_160' title='bbox 1089 2429 1149 2495; x_wconf 89' lang='lat' dir='ltr'>hoc</span> <span class='ocrx_word' id='word_1_161' title='bbox 1163 2437 1216 2494; x_wconf 72' lang='lat' dir='ltr'>tut</span> <span class='ocrx_word' id='word_1_162' title='bbox 1231 2430 1336 2495; x_wconf 88' lang='lat' dir='ltr'>omnia</span> 
     </span>
     <span class='ocr_line' id='line_1_23' title="bbox 181 2533 1335 2622; baseline -0.002 -23"><span class='ocrx_word' id='word_1_163' title='bbox 181 2537 321 2601; x_wconf 88' lang='lat' dir='ltr'>membra</span> <span class='ocrx_word' id='word_1_164' title='bbox 335 2536 536 2622; x_wconf 79' lang='lat' dir='ltr'>percipientis</span> <span class='ocrx_word' id='word_1_165' title='bbox 549 2537 760 2602; x_wconf 87' lang='lat' dir='ltr'>vivificentur:</span> <span class='ocrx_word' id='word_1_166' title='bbox 780 2543 813 2600; x_wconf 92' lang='lat' dir='ltr'>et</span> <span class='ocrx_word' id='word_1_167' title='bbox 827 2535 859 2599; x_wconf 95' lang='lat' dir='ltr'>in</span> <span class='ocrx_word' id='word_1_168' title='bbox 874 2556 911 2600; x_wconf 92' lang='lat' dir='ltr'>eo</span> <span class='ocrx_word' id='word_1_169' title='bbox 926 2533 1077 2620; x_wconf 87' lang='lat' dir='ltr'>disposite</span> <span class='ocrx_word' id='word_1_170' title='bbox 1091 2541 1139 2599; x_wconf 90' lang='lat' dir='ltr'>est</span> <span class='ocrx_word' id='word_1_171' title='bbox 1150 2533 1335 2600; x_wconf 74' lang='grc' dir='ltr'>8σοαααααὶ-</span> 
     </span>
     <span class='ocr_line' id='line_1_24' title="bbox 181 2637 1334 2727; baseline -0.001 -22"><span class='ocrx_word' id='word_1_172' title='bbox 181 2639 264 2705; x_wconf 90' lang='lat' dir='ltr'>catio</span> <span class='ocrx_word' id='word_1_173' title='bbox 294 2640 422 2718; x_wconf 78' lang='lat' dir='ltr'>christi,</span> <span class='ocrx_word' id='word_1_174' title='bbox 453 2641 485 2706; x_wconf 90' lang='lat' dir='ltr'>id</span> <span class='ocrx_word' id='word_1_175' title='bbox 515 2648 564 2706; x_wconf 89' lang='lat' dir='ltr'>est</span> <span class='ocrx_word' id='word_1_176' title='bbox 595 2639 729 2727; x_wconf 87' lang='lat' dir='ltr'>Spiritus</span> <span class='ocrx_word' id='word_1_177' title='bbox 757 2646 896 2716; x_wconf 88' lang='lat' dir='ltr'>sanctus,</span> <span class='ocrx_word' id='word_1_178' title='bbox 925 2637 1017 2702; x_wconf 88' lang='lat' dir='ltr'>arrha</span> <span class='ocrx_word' id='word_1_179' title='bbox 1045 2637 1271 2722; x_wconf 86' lang='lat' dir='ltr'>incorruptelae,</span> <span class='ocrx_word' id='word_1_180' title='bbox 1301 2647 1334 2704; x_wconf 89' lang='lat' dir='ltr'>et</span> 
     </span>
     <span class='ocr_line' id='line_1_25' title="bbox 181 2740 1493 2822; baseline -0.002 -14"><span class='ocrx_word' id='word_1_181' title='bbox 181 2743 374 2808; x_wconf 83' lang='lat' dir='ltr'>confirmatio</span> <span class='ocrx_word' id='word_1_182' title='bbox 385 2743 457 2808; x_wconf 89' lang='lat' dir='ltr'>fidei</span> <span class='ocrx_word' id='word_1_183' title='bbox 469 2751 595 2822; x_wconf 84' lang='lat' dir='ltr'>nostrae,</span> <span class='ocrx_word' id='word_1_184' title='bbox 608 2753 641 2808; x_wconf 88' lang='lat' dir='ltr'>et</span> <span class='ocrx_word' id='word_1_185' title='bbox 651 2743 735 2809; x_wconf 88' lang='lat' dir='ltr'>scala</span> <span class='ocrx_word' id='word_1_186' title='bbox 749 2740 938 2808; x_wconf 87' lang='lat' dir='ltr'>ascensionis</span> <span class='ocrx_word' id='word_1_187' title='bbox 948 2741 988 2806; x_wconf 87' lang='lat' dir='ltr'>ed</span> <span class='ocrx_word' id='word_1_188' title='bbox 999 2741 1112 2806; x_wconf 90' lang='lat' dir='ltr'>Deum.</span> <span class='ocrx_word' id='word_1_189' title='bbox 1137 2741 1181 2805; x_wconf 85' lang='lat' dir='ltr'>In</span> <span class='ocrx_word' id='word_1_190' title='bbox 1194 2741 1334 2807; x_wconf 77' lang='lat' dir='ltr'>Ecclesia</span> <span class='ocrx_word' id='word_1_191' title='bbox 1348 2761 1410 2802; x_wconf 73' lang='lat' dir='ltr'>reor.</span> <span class='ocrx_word' id='word_1_192' title='bbox 1419 2761 1455 2801; x_wconf 78' lang='grc' dir='ltr'>ια</span> <span class='ocrx_word' id='word_1_193' title='bbox 1465 2763 1493 2802; x_wconf 79' lang='lat' dir='ltr'>ee</span> 
     </span>
     <span class='ocr_line' id='line_1_26' title="bbox 181 2845 1333 2934; baseline -0.003 -23"><span class='ocrx_word' id='word_1_194' title='bbox 181 2847 271 2924; x_wconf 83' lang='lat' dir='ltr'>enim,</span> <span class='ocrx_word' id='word_1_195' title='bbox 294 2847 403 2934; x_wconf 90' lang='lat' dir='ltr'>inquit,</span> <span class='ocrx_word' id='word_1_196' title='bbox 420 2848 527 2933; x_wconf 83' lang='lat' dir='ltr'>poenit</span> <span class='ocrx_word' id='word_1_197' title='bbox 548 2850 635 2913; x_wconf 80' lang='lat' dir='ltr'>Doce</span> <span class='ocrx_word' id='word_1_198' title='bbox 657 2845 822 2932; x_wconf 80' lang='lat' dir='ltr'>Apostolos,</span> <span class='ocrx_word' id='word_1_199' title='bbox 839 2845 1016 2930; x_wconf 77' lang='lat' dir='ltr'>propbetas,</span> <span class='ocrx_word' id='word_1_200' title='bbox 1039 2845 1179 2922; x_wconf 81' lang='lat' dir='ltr'>doctores,</span> <span class='ocrx_word' id='word_1_201' title='bbox 1203 2851 1237 2908; x_wconf 90' lang='lat' dir='ltr'>et</span> <span class='ocrx_word' id='word_1_202' title='bbox 1264 2845 1333 2908; x_wconf 91' lang='lat' dir='ltr'>uni-</span> 
     </span>
     <span class='ocr_line' id='line_1_27' title="bbox 180 2947 1333 3038; baseline 0 -24"><span class='ocrx_word' id='word_1_203' title='bbox 180 2970 300 3015; x_wconf 88' lang='lat' dir='ltr'>versam</span> <span class='ocrx_word' id='word_1_204' title='bbox 314 2949 464 3038; x_wconf 89' lang='lat' dir='ltr'>reliquam</span> <span class='ocrx_word' id='word_1_205' title='bbox 484 2949 694 3036; x_wconf 86' lang='lat' dir='ltr'>operationem</span> <span class='ocrx_word' id='word_1_206' title='bbox 714 2947 866 3034; x_wconf 90' lang='lat' dir='ltr'>Spiritus:</span> <span class='ocrx_word' id='word_1_207' title='bbox 887 2947 976 3034; x_wconf 89' lang='lat' dir='ltr'>cujus</span> <span class='ocrx_word' id='word_1_208' title='bbox 995 2969 1057 3012; x_wconf 93' lang='lat' dir='ltr'>non</span> <span class='ocrx_word' id='word_1_209' title='bbox 1074 2955 1148 3012; x_wconf 91' lang='lat' dir='ltr'>sunt</span> <span class='ocrx_word' id='word_1_210' title='bbox 1167 2947 1333 3036; x_wconf 88' lang='lat' dir='ltr'>participes</span> 
     </span>
    </p>
   </div>
   <div class='ocr_carea' id='block_1_7' title="bbox 176 3152 1333 4696">
    <p class='ocr_par' dir='ltr' id='par_1_8' title="bbox 176 3152 1333 4696">
     <span class='ocr_line' id='line_1_28' title="bbox 228 3152 1328 3222; baseline -0.005 -16"><span class='ocrx_word' id='word_1_211' title='bbox 228 3156 239 3189; x_wconf 90' lang='lat'>¹</span> <span class='ocrx_word' id='word_1_212' title='bbox 257 3157 354 3206; x_wconf 87' lang='lat' dir='ltr'>Scribes</span> <span class='ocrx_word' id='word_1_213' title='bbox 362 3156 525 3220; x_wconf 83' lang='lat' dir='ltr'>occasionally</span> <span class='ocrx_word' id='word_1_214' title='bbox 533 3155 668 3206; x_wconf 88' lang='lat' dir='ltr'>substitute</span> <span class='ocrx_word' id='word_1_215' title='bbox 676 3173 733 3222; x_wconf 85' lang='lat' dir='ltr'>syn·</span> <span class='ocrx_word' id='word_1_216' title='bbox 779 3157 855 3216; x_wconf 75' lang='grc' dir='ltr'>θυῖαν,</span> <span class='ocrx_word' id='word_1_217' title='bbox 867 3153 971 3216; x_wconf 81' lang='lat' dir='ltr'>solitum,</span> <span class='ocrx_word' id='word_1_218' title='bbox 982 3153 1065 3203; x_wconf 79' lang='lat' dir='ltr'>would</span> <span class='ocrx_word' id='word_1_219' title='bbox 1073 3153 1162 3217; x_wconf 80' lang='lat' dir='ltr'>hardly</span> <span class='ocrx_word' id='word_1_220' title='bbox 1172 3153 1203 3202; x_wconf 93' lang='lat' dir='ltr'>be</span> <span class='ocrx_word' id='word_1_221' title='bbox 1215 3152 1328 3202; x_wconf 89' lang='lat' dir='ltr'>suitable.</span> 
     </span>
     <span class='ocr_line' id='line_1_29' title="bbox 179 3234 1331 3304; baseline -0.005 -16"><span class='ocrx_word' id='word_1_222' title='bbox 179 3255 269 3304; x_wconf 82' lang='lat' dir='ltr'>onyms</span> <span class='ocrx_word' id='word_1_223' title='bbox 280 3239 314 3303; x_wconf 85' lang='lat' dir='ltr'>by</span> <span class='ocrx_word' id='word_1_224' title='bbox 324 3239 439 3300; x_wconf 81' lang='lat' dir='ltr'>mistelre,</span> <span class='ocrx_word' id='word_1_225' title='bbox 460 3237 510 3287; x_wconf 85' lang='lat' dir='ltr'>and</span> <span class='ocrx_word' id='word_1_226' title='bbox 526 3238 584 3287; x_wconf 86' lang='lat' dir='ltr'>hero</span> <span class='ocrx_word' id='word_1_227' title='bbox 603 3239 645 3287; x_wconf 90' lang='lat' dir='ltr'>the</span> <span class='ocrx_word' id='word_1_228' title='bbox 662 3238 730 3287; x_wconf 89' lang='lat' dir='ltr'>read·</span> <span class='ocrx_word' id='word_1_229' title='bbox 828 3237 839 3270; x_wconf 79' lang='lat'><strong><em>⁵</em></strong></span> <span class='ocrx_word' id='word_1_230' title='bbox 856 3237 999 3301; x_wconf 75' lang='lat' dir='ltr'>depositum.</span> <span class='ocrx_word' id='word_1_231' title='bbox 1028 3236 1082 3285; x_wconf 84' lang='lat' dir='ltr'>The</span> <span class='ocrx_word' id='word_1_232' title='bbox 1099 3236 1198 3285; x_wconf 78' lang='lat' dir='ltr'>oman.</span> <span class='ocrx_word' id='word_1_233' title='bbox 1213 3234 1270 3284; x_wconf 84' lang='lat' dir='ltr'>MS.</span> <span class='ocrx_word' id='word_1_234' title='bbox 1285 3234 1331 3283; x_wconf 82' lang='lat' dir='ltr'>has</span> 
     </span>
     <span class='ocr_line' id='line_1_30' title="bbox 180 3317 1331 3386; baseline -0.003 -17"><span class='ocrx_word' id='word_1_235' title='bbox 180 3322 224 3386; x_wconf 89' lang='lat' dir='ltr'>ing</span> <span class='ocrx_word' id='word_1_236' title='bbox 234 3321 263 3369; x_wconf 86' lang='lat' dir='ltr'>cf</span> <span class='ocrx_word' id='word_1_237' title='bbox 270 3321 314 3370; x_wconf 88' lang='lat' dir='ltr'>the</span> <span class='ocrx_word' id='word_1_238' title='bbox 326 3321 426 3370; x_wconf 74' lang='lat' dir='ltr'>Omen.</span> <span class='ocrx_word' id='word_1_239' title='bbox 440 3321 498 3370; x_wconf 87' lang='lat' dir='ltr'>MS.</span> <span class='ocrx_word' id='word_1_240' title='bbox 512 3319 601 3384; x_wconf 80' lang='lat' dir='ltr'>utiquc,</span> <span class='ocrx_word' id='word_1_241' title='bbox 612 3321 732 3369; x_wconf 70' lang='lat' dir='ltr'>indicates</span> <span class='ocrx_word' id='word_1_242' title='bbox 777 3319 930 3384; x_wconf 77' lang='lat' dir='ltr'>dispositum,</span> <span class='ocrx_word' id='word_1_243' title='bbox 950 3317 997 3368; x_wconf 88' lang='lat' dir='ltr'>but</span> <span class='ocrx_word' id='word_1_244' title='bbox 1015 3319 1059 3367; x_wconf 89' lang='lat' dir='ltr'>the</span> <span class='ocrx_word' id='word_1_245' title='bbox 1079 3317 1185 3381; x_wconf 81' lang='lat' dir='ltr'>original</span> <span class='ocrx_word' id='word_1_246' title='bbox 1202 3333 1235 3366; x_wconf 90' lang='lat' dir='ltr'>no</span> <span class='ocrx_word' id='word_1_247' title='bbox 1252 3317 1331 3366; x_wconf 88' lang='lat' dir='ltr'>doubt</span> 
     </span>
     <span class='ocr_line' id='line_1_31' title="bbox 179 3399 1330 3466; baseline -0.003 -15"><span class='ocrx_word' id='word_1_248' title='bbox 179 3401 274 3464; x_wconf 58' lang='lat' dir='ltr'>ubique</span> <span class='ocrx_word' id='word_1_249' title='bbox 309 3402 357 3450; x_wconf 87' lang='lat' dir='ltr'>We</span> <span class='ocrx_word' id='word_1_250' title='bbox 373 3417 433 3466; x_wconf 82' lang='lat' dir='ltr'>may</span> <span class='ocrx_word' id='word_1_251' title='bbox 451 3407 510 3451; x_wconf 89' lang='lat' dir='ltr'>note</span> <span class='ocrx_word' id='word_1_252' title='bbox 527 3418 543 3450; x_wconf 85' lang='lat' dir='ltr'>a</span> <span class='ocrx_word' id='word_1_253' title='bbox 560 3417 690 3466; x_wconf 83' lang='lat' dir='ltr'>precursor</span> <span class='ocrx_word' id='word_1_254' title='bbox 706 3401 735 3450; x_wconf 82' lang='lat' dir='ltr'>ot</span> <span class='ocrx_word' id='word_1_255' title='bbox 777 3418 828 3451; x_wconf 82' lang='lat' dir='ltr'>was</span> <span class='ocrx_word' id='word_1_256' title='bbox 851 3401 928 3460; x_wconf 78' lang='grc' dir='ltr'>καλήν</span> <span class='ocrx_word' id='word_1_257' title='bbox 949 3418 1004 3449; x_wconf 82' lang='grc' dir='ltr'>τινα</span> <span class='ocrx_word' id='word_1_258' title='bbox 1023 3401 1237 3462; x_wconf 76' lang='grc' dir='ltr'>παρακαταθήκην,</span> <span class='ocrx_word' id='word_1_259' title='bbox 1258 3415 1286 3448; x_wconf 82' lang='lat' dir='ltr'>es</span> <span class='ocrx_word' id='word_1_260' title='bbox 1303 3399 1330 3447; x_wconf 88' lang='lat' dir='ltr'>in</span> 
     </span>
     <span class='ocr_line' id='line_1_32' title="bbox 178 3481 1333 3547; baseline -0.003 -15"><span class='ocrx_word' id='word_1_261' title='bbox 178 3483 387 3533; x_wconf 84' lang='lat' dir='ltr'>tbeVinoentian</span> <span class='ocrx_word' id='word_1_262' title='bbox 398 3499 485 3544; x_wconf 69' lang='lat' dir='ltr'>maon,</span> <span class='ocrx_word' id='word_1_263' title='bbox 498 3483 733 3547; x_wconf 58' lang='lat' dir='ltr'>pocomprqood</span> <span class='ocrx_word' id='word_1_264' title='bbox 777 3485 867 3532; x_wconf 80' lang='lat' dir='ltr'>n&#39;l&#39;im.</span> <span class='ocrx_word' id='word_1_265' title='bbox 888 3483 904 3531; x_wconf 88' lang='lat' dir='ltr'>i.</span> <span class='ocrx_word' id='word_1_266' title='bbox 928 3497 966 3544; x_wconf 84' lang='lat'>14,</span> <span class='ocrx_word' id='word_1_267' title='bbox 985 3483 1104 3546; x_wconf 83' lang='lat' dir='ltr'>meaning</span> <span class='ocrx_word' id='word_1_268' title='bbox 1125 3482 1169 3530; x_wconf 87' lang='lat' dir='ltr'>the</span> <span class='ocrx_word' id='word_1_269' title='bbox 1186 3481 1283 3546; x_wconf 79' lang='lat' dir='ltr'>deponit</span> <span class='ocrx_word' id='word_1_270' title='bbox 1305 3481 1333 3532; x_wconf 85' lang='lat' dir='ltr'>ol</span> 
     </span>
     <span class='ocr_line' id='line_1_33' title="bbox 178 3564 1116 3630; baseline -0.002 -16"><span class='ocrx_word' id='word_1_271' title='bbox 178 3565 266 3628; x_wconf 77' lang='lat' dir='ltr'>ubique</span> <span class='ocrx_word' id='word_1_272' title='bbox 277 3566 341 3629; x_wconf 70' lang='lat' dir='ltr'>praed</span> <span class='ocrx_word' id='word_1_273' title='bbox 352 3566 383 3615; x_wconf 83' lang='lat' dir='ltr'>ab</span> <span class='ocrx_word' id='word_1_274' title='bbox 395 3565 513 3616; x_wconf 69' lang='lat' dir='ltr'>menibus</span> <span class='ocrx_word' id='word_1_275' title='bbox 776 3565 847 3614; x_wconf 78' lang='lat' dir='ltr'>saith.</span> <span class='ocrx_word' id='word_1_276' title='bbox 877 3565 999 3630; x_wconf 79' lang='lat' dir='ltr'>Compare</span> <span class='ocrx_word' id='word_1_277' title='bbox 1013 3576 1031 3612; x_wconf 90' lang='lat'>1.</span> <span class='ocrx_word' id='word_1_278' title='bbox 1045 3565 1069 3613; x_wconf 92' lang='lat' dir='ltr'>ii.</span> <span class='ocrx_word' id='word_1_279' title='bbox 1083 3564 1116 3612; x_wconf 93' lang='lat' dir='ltr'>iii.</span> 
     </span>
     <span class='ocr_line' id='line_1_34' title="bbox 227 3644 1328 3714; baseline -0.01 -14"><span class='ocrx_word' id='word_1_280' title='bbox 227 3647 458 3714; x_wconf 70' lang='grc' dir='ltr'>’φιοτιαάτιοάατι</span> <span class='ocrx_word' id='word_1_281' title='bbox 469 3649 664 3700; x_wconf 68' lang='lat' dir='ltr'>ostendimus</span> <span class='ocrx_word' id='word_1_282' title='bbox 674 3665 730 3714; x_wconf 82' lang='lat' dir='ltr'>par·</span> <span class='ocrx_word' id='word_1_283' title='bbox 825 3645 836 3679; x_wconf 78' lang='lat'>⁶</span> <span class='ocrx_word' id='word_1_284' title='bbox 853 3644 1328 3708; x_wconf 75' lang='lat' dir='ltr'>Massuer,tollowingthocnrnnonn</span> 
     </span>
     <span class='ocr_line' id='line_1_35' title="bbox 177 3726 1326 3791; baseline -0.008 -10"><span class='ocrx_word' id='word_1_285' title='bbox 177 3731 312 3781; x_wconf 77' lang='lat' dir='ltr'>enthetioal</span> <span class='ocrx_word' id='word_1_286' title='bbox 322 3731 411 3782; x_wconf 84' lang='lat' dir='ltr'>vverde.</span> <span class='ocrx_word' id='word_1_287' title='bbox 776 3730 834 3780; x_wconf 90' lang='lat' dir='ltr'>MS.</span> <span class='ocrx_word' id='word_1_288' title='bbox 847 3730 892 3779; x_wconf 83' lang='lat' dir='ltr'>hae</span> <span class='ocrx_word' id='word_1_289' title='bbox 904 3728 939 3778; x_wconf 81' lang='lat' dir='ltr'>cd</span> <span class='ocrx_word' id='word_1_290' title='bbox 950 3727 1151 3791; x_wconf 64' lang='lat' dir='ltr'>inspirationem</span> <span class='ocrx_word' id='word_1_291' title='bbox 1162 3726 1326 3775; x_wconf 84' lang='lat' dir='ltr'>otherautho·</span> 
     </span>
     <span class='ocr_line' id='line_1_36' title="bbox 227 3805 1326 3877; baseline -0.009 -14"><span class='ocrx_word' id='word_1_292' title='bbox 227 3811 238 3846; x_wconf 82' lang='lat'>⁸</span> <span class='ocrx_word' id='word_1_293' title='bbox 254 3813 307 3862; x_wconf 82' lang='lat' dir='ltr'>The</span> <span class='ocrx_word' id='word_1_294' title='bbox 317 3814 487 3863; x_wconf 85' lang='lat' dir='ltr'>construction</span> <span class='ocrx_word' id='word_1_295' title='bbox 499 3813 520 3862; x_wconf 89' lang='lat' dir='ltr'>ie</span> <span class='ocrx_word' id='word_1_296' title='bbox 531 3813 582 3862; x_wconf 83' lang='lat' dir='ltr'>still</span> <span class='ocrx_word' id='word_1_297' title='bbox 590 3811 731 3877; x_wconf 84' lang='lat' dir='ltr'>dependent</span> <span class='ocrx_word' id='word_1_298' title='bbox 776 3811 864 3876; x_wconf 82' lang='lat' dir='ltr'>rityie</span> <span class='ocrx_word' id='word_1_299' title='bbox 883 3810 910 3858; x_wconf 91' lang='lat' dir='ltr'>in</span> <span class='ocrx_word' id='word_1_300' title='bbox 929 3811 1020 3858; x_wconf 79' lang='lat' dir='ltr'>favour</span> <span class='ocrx_word' id='word_1_301' title='bbox 1038 3808 1068 3857; x_wconf 84' lang='lat' dir='ltr'>of</span> <span class='ocrx_word' id='word_1_302' title='bbox 1081 3807 1198 3856; x_wconf 75' lang='lat' dir='ltr'>Gnaen&#39;s</span> <span class='ocrx_word' id='word_1_303' title='bbox 1215 3805 1326 3869; x_wconf 80' lang='lat' dir='ltr'>reading,</span> 
     </span>
     <span class='ocr_line' id='line_1_37' title="bbox 177 3888 1329 3957; baseline -0.003 -18"><span class='ocrx_word' id='word_1_304' title='bbox 177 3906 246 3955; x_wconf 88' lang='lat' dir='ltr'>upon</span> <span class='ocrx_word' id='word_1_305' title='bbox 256 3889 417 3940; x_wconf 76' lang='lat' dir='ltr'>testimoninm</span> <span class='ocrx_word' id='word_1_306' title='bbox 427 3890 565 3949; x_wconf 58' lang='lat' dir='ltr'>debentne,-</span> <span class='ocrx_word' id='word_1_307' title='bbox 580 3892 651 3940; x_wconf 89' lang='lat' dir='ltr'>these</span> <span class='ocrx_word' id='word_1_308' title='bbox 661 3890 731 3940; x_wconf 82' lang='lat' dir='ltr'>three</span> <span class='ocrx_word' id='word_1_309' title='bbox 774 3892 903 3957; x_wconf 61' lang='lat' dir='ltr'>aspiratio</span> <span class='ocrx_word' id='word_1_310' title='bbox 921 3891 971 3940; x_wconf 86' lang='lat' dir='ltr'>and</span> <span class='ocrx_word' id='word_1_311' title='bbox 987 3891 1040 3938; x_wconf 85' lang='lat' dir='ltr'>also</span> <span class='ocrx_word' id='word_1_312' title='bbox 1056 3889 1188 3952; x_wconf 82' lang='lat' dir='ltr'>scriptural</span> <span class='ocrx_word' id='word_1_313' title='bbox 1205 3888 1329 3952; x_wconf 75' lang='lat' dir='ltr'>analogy3</span> 
     </span>
     <span class='ocr_line' id='line_1_38' title="bbox 176 3969 1329 4038; baseline -0.004 -16"><span class='ocrx_word' id='word_1_314' title='bbox 176 3977 254 4022; x_wconf 82' lang='lat' dir='ltr'>terme</span> <span class='ocrx_word' id='word_1_315' title='bbox 271 3973 389 4036; x_wconf 78' lang='lat' dir='ltr'>meaning</span> <span class='ocrx_word' id='word_1_316' title='bbox 401 3973 444 4022; x_wconf 89' lang='lat' dir='ltr'>the</span> <span class='ocrx_word' id='word_1_317' title='bbox 459 3973 590 4038; x_wconf 76' lang='lat' dir='ltr'>Propheta,</span> <span class='ocrx_word' id='word_1_318' title='bbox 602 3971 729 4037; x_wconf 81' lang='lat' dir='ltr'>Apostles,</span> <span class='ocrx_word' id='word_1_319' title='bbox 775 3977 819 4026; x_wconf 88' lang='lat' dir='ltr'>the</span> <span class='ocrx_word' id='word_1_320' title='bbox 829 3974 885 4024; x_wconf 83' lang='lat' dir='ltr'>idea</span> <span class='ocrx_word' id='word_1_321' title='bbox 895 3974 922 4022; x_wconf 92' lang='lat' dir='ltr'>in</span> <span class='ocrx_word' id='word_1_322' title='bbox 932 3973 976 4022; x_wconf 87' lang='lat' dir='ltr'>the</span> <span class='ocrx_word' id='word_1_323' title='bbox 986 3972 1090 4020; x_wconf 82' lang='lat' dir='ltr'>writer’s</span> <span class='ocrx_word' id='word_1_324' title='bbox 1101 3969 1171 4019; x_wconf 88' lang='lat' dir='ltr'>mind</span> <span class='ocrx_word' id='word_1_325' title='bbox 1181 3970 1257 4034; x_wconf 87' lang='lat' dir='ltr'>being</span> <span class='ocrx_word' id='word_1_326' title='bbox 1267 3986 1329 4034; x_wconf 79' lang='lat' dir='ltr'>very</span> 
     </span>
     <span class='ocr_line' id='line_1_39' title="bbox 177 4053 1327 4124; baseline -0.002 -20"><span class='ocrx_word' id='word_1_327' title='bbox 177 4055 463 4106; x_wconf 79' lang='lat' dir='ltr'>andCburchCatholic.</span> <span class='ocrx_word' id='word_1_328' title='bbox 483 4055 528 4105; x_wconf 89' lang='lat' dir='ltr'>See</span> <span class='ocrx_word' id='word_1_329' title='bbox 537 4055 633 4117; x_wconf 74' lang='lat' dir='ltr'>Pharo,</span> <span class='ocrx_word' id='word_1_330' title='bbox 645 4069 728 4120; x_wconf 79' lang='lat' dir='ltr'>p.135.</span> <span class='ocrx_word' id='word_1_331' title='bbox 775 4057 936 4124; x_wconf 83' lang='lat' dir='ltr'>perceptibly,</span> <span class='ocrx_word' id='word_1_332' title='bbox 944 4057 987 4106; x_wconf 90' lang='lat' dir='ltr'>the</span> <span class='ocrx_word' id='word_1_333' title='bbox 995 4053 1179 4120; x_wconf 80' lang='lat' dir='ltr'>inspirationes</span> <span class='ocrx_word' id='word_1_334' title='bbox 1187 4054 1231 4103; x_wconf 88' lang='lat' dir='ltr'>the</span> <span class='ocrx_word' id='word_1_335' title='bbox 1239 4053 1327 4102; x_wconf 85' lang='lat' dir='ltr'>breath</span> 
     </span>
     <span class='ocr_line' id='line_1_40' title="bbox 226 4135 1271 4200; baseline 0.001 -13"><span class='ocrx_word' id='word_1_336' title='bbox 226 4137 386 4187; x_wconf 75' lang='lat' dir='ltr'>⁴Massuee</span> <span class='ocrx_word' id='word_1_337' title='bbox 411 4139 483 4187; x_wconf 79' lang='lat' dir='ltr'>rende</span> <span class='ocrx_word' id='word_1_338' title='bbox 507 4137 602 4186; x_wconf 75' lang='lat' dir='ltr'>solitam</span> <span class='ocrx_word' id='word_1_339' title='bbox 628 4152 660 4185; x_wconf 93' lang='lat' dir='ltr'>on</span> <span class='ocrx_word' id='word_1_340' title='bbox 687 4137 730 4185; x_wconf 88' lang='lat' dir='ltr'>the</span> <span class='ocrx_word' id='word_1_341' title='bbox 776 4141 804 4190; x_wconf 80' lang='lat' dir='ltr'>ot</span> <span class='ocrx_word' id='word_1_342' title='bbox 812 4141 854 4189; x_wconf 85' lang='lat' dir='ltr'>lile</span> <span class='ocrx_word' id='word_1_343' title='bbox 865 4139 918 4189; x_wconf 90' lang='lat' dir='ltr'>into</span> <span class='ocrx_word' id='word_1_344' title='bbox 929 4155 996 4200; x_wconf 86' lang='lat' dir='ltr'>man,</span> <span class='ocrx_word' id='word_1_345' title='bbox 1010 4138 1082 4188; x_wconf 86' lang='lat' dir='ltr'>when</span> <span class='ocrx_word' id='word_1_346' title='bbox 1097 4137 1153 4186; x_wconf 86' lang='lat' dir='ltr'>first</span> <span class='ocrx_word' id='word_1_347' title='bbox 1164 4135 1271 4188; x_wconf 84' lang='lat' dir='ltr'>created.</span> 
     </span>
     <span class='ocr_line' id='line_1_41' title="bbox 177 4218 1328 4287; baseline -0.003 -16"><span class='ocrx_word' id='word_1_348' title='bbox 177 4223 306 4287; x_wconf 82' lang='lat' dir='ltr'>authority</span> <span class='ocrx_word' id='word_1_349' title='bbox 311 4223 339 4271; x_wconf 88' lang='lat' dir='ltr'>of</span> <span class='ocrx_word' id='word_1_350' title='bbox 344 4221 491 4272; x_wconf 73' lang='lat' dir='ltr'>theCnnnrt.</span> <span class='ocrx_word' id='word_1_351' title='bbox 496 4219 631 4270; x_wconf 82' lang='lat' dir='ltr'>andVoss.</span> <span class='ocrx_word' id='word_1_352' title='bbox 641 4219 727 4282; x_wconf 74' lang='lat' dir='ltr'>MSS,</span> <span class='ocrx_word' id='word_1_353' title='bbox 824 4221 835 4254; x_wconf 84' lang='lat'>⁷</span> <span class='ocrx_word' id='word_1_354' title='bbox 852 4222 897 4271; x_wconf 82' lang='lat' dir='ltr'>On.</span> <span class='ocrx_word' id='word_1_355' title='bbox 908 4221 981 4269; x_wconf 89' lang='lat' dir='ltr'>omits</span> <span class='ocrx_word' id='word_1_356' title='bbox 992 4227 1037 4276; x_wconf 82' lang='lat' dir='ltr'>nt,·</span> <span class='ocrx_word' id='word_1_357' title='bbox 1051 4218 1137 4280; x_wconf 83' lang='lat' dir='ltr'>which,</span> <span class='ocrx_word' id='word_1_358' title='bbox 1148 4219 1270 4280; x_wconf 83' lang='lat' dir='ltr'>however,</span> <span class='ocrx_word' id='word_1_359' title='bbox 1282 4219 1328 4268; x_wconf 79' lang='lat' dir='ltr'>bns</span> 
     </span>
     <span class='ocr_line' id='line_1_42' title="bbox 176 4299 1228 4367; baseline -0.002 -15"><span class='ocrx_word' id='word_1_360' title='bbox 176 4302 224 4352; x_wconf 87' lang='lat' dir='ltr'>but</span> <span class='ocrx_word' id='word_1_361' title='bbox 234 4303 340 4351; x_wconf 76' lang='lat' dir='ltr'>solidano</span> <span class='ocrx_word' id='word_1_362' title='bbox 350 4319 378 4351; x_wconf 85' lang='lat' dir='ltr'>aa</span> <span class='ocrx_word' id='word_1_363' title='bbox 389 4301 524 4352; x_wconf 88' lang='lat' dir='ltr'>connected</span> <span class='ocrx_word' id='word_1_364' title='bbox 536 4301 596 4350; x_wconf 85' lang='lat' dir='ltr'>with</span> <span class='ocrx_word' id='word_1_365' title='bbox 608 4303 651 4350; x_wconf 85' lang='lat' dir='ltr'>the</span> <span class='ocrx_word' id='word_1_366' title='bbox 659 4301 730 4350; x_wconf 85' lang='lat' dir='ltr'>foun-</span> <span class='ocrx_word' id='word_1_367' title='bbox 776 4303 879 4367; x_wconf 87' lang='lat' dir='ltr'>asoaped</span> <span class='ocrx_word' id='word_1_368' title='bbox 890 4303 933 4352; x_wconf 87' lang='lat' dir='ltr'>the</span> <span class='ocrx_word' id='word_1_369' title='bbox 944 4300 1125 4350; x_wconf 87' lang='lat' dir='ltr'>Benedictino&#39;s</span> <span class='ocrx_word' id='word_1_370' title='bbox 1136 4299 1228 4350; x_wconf 83' lang='lat' dir='ltr'>notice.</span> 
     </span>
     <span class='ocr_line' id='line_1_43' title="bbox 177 4381 1329 4448; baseline -0.002 -16"><span class='ocrx_word' id='word_1_371' title='bbox 177 4383 264 4432; x_wconf 84' lang='lat' dir='ltr'>dation</span> <span class='ocrx_word' id='word_1_372' title='bbox 286 4384 315 4433; x_wconf 81' lang='lat' dir='ltr'>of</span> <span class='ocrx_word' id='word_1_373' title='bbox 333 4383 397 4432; x_wconf 83' lang='lat' dir='ltr'>saith</span> <span class='ocrx_word' id='word_1_374' title='bbox 419 4385 440 4432; x_wconf 88' lang='lat' dir='ltr'>is</span> <span class='ocrx_word' id='word_1_375' title='bbox 459 4383 604 4448; x_wconf 74' lang='lat' dir='ltr'>preferable,</span> <span class='ocrx_word' id='word_1_376' title='bbox 626 4385 665 4432; x_wconf 83' lang='grc' dir='ltr'>καί</span> <span class='ocrx_word' id='word_1_377' title='bbox 686 4385 731 4442; x_wconf 78' lang='grc' dir='ltr'>τὴν</span> <span class='ocrx_word' id='word_1_378' title='bbox 825 4382 891 4432; x_wconf 84' lang='lat' dir='ltr'>⁸Cn.</span> <span class='ocrx_word' id='word_1_379' title='bbox 905 4382 1062 4443; x_wconf 71' lang='lat' dir='ltr'>cmrnneoto&#39;o,</span> <span class='ocrx_word' id='word_1_380' title='bbox 1074 4381 1157 4446; x_wconf 71' lang='grc' dir='ltr'>ἡίδια)</span> <span class='ocrx_word' id='word_1_381' title='bbox 1170 4383 1213 4430; x_wconf 81' lang='grc' dir='ltr'>τοῦ</span> <span class='ocrx_word' id='word_1_382' title='bbox 1221 4383 1329 4445; x_wconf 78' lang='grc' dir='ltr'>Χριστοῦ</span> 
     </span>
     <span class='ocr_line' id='line_1_44' title="bbox 178 4465 1327 4530; baseline -0.001 -15"><span class='ocrx_word' id='word_1_383' title='bbox 178 4469 207 4516; x_wconf 82' lang='grc' dir='ltr'>τὸ</span> <span class='ocrx_word' id='word_1_384' title='bbox 224 4469 288 4517; x_wconf 78' lang='grc' dir='ltr'>κατὰ</span> <span class='ocrx_word' id='word_1_385' title='bbox 304 4467 425 4530; x_wconf 75' lang='grc' dir='ltr'>σωτηρίαν</span> <span class='ocrx_word' id='word_1_386' title='bbox 442 4469 567 4530; x_wconf 73' lang='grc' dir='ltr'>ἀνθρώπου</span> <span class='ocrx_word' id='word_1_387' title='bbox 584 4468 683 4529; x_wconf 79' lang='grc' dir='ltr'>στερεὰν</span> <span class='ocrx_word' id='word_1_388' title='bbox 697 4468 730 4515; x_wconf 78' lang='grc' dir='ltr'>ἐν·</span> <span class='ocrx_word' id='word_1_389' title='bbox 777 4467 932 4528; x_wconf 73' lang='grc' dir='ltr'>καταλλαγαί,</span> <span class='ocrx_word' id='word_1_390' title='bbox 946 4466 993 4514; x_wconf 90' lang='lat' dir='ltr'>but</span> <span class='ocrx_word' id='word_1_391' title='bbox 1004 4465 1047 4514; x_wconf 86' lang='lat' dir='ltr'>the</span> <span class='ocrx_word' id='word_1_392' title='bbox 1060 4466 1133 4529; x_wconf 81' lang='lat' dir='ltr'>spirit</span> <span class='ocrx_word' id='word_1_393' title='bbox 1146 4465 1175 4514; x_wconf 84' lang='lat' dir='ltr'>ot</span> <span class='ocrx_word' id='word_1_394' title='bbox 1190 4467 1327 4515; x_wconf 85' lang='lat' dir='ltr'>senctilice-</span> 
     </span>
     <span class='ocr_line' id='line_1_45' title="bbox 179 4545 1329 4614; baseline -0.003 -16"><span class='ocrx_word' id='word_1_395' title='bbox 179 4551 281 4612; x_wconf 65' lang='grc' dir='ltr'>ερηείατ,</span> <span class='ocrx_word' id='word_1_396' title='bbox 299 4551 344 4609; x_wconf 70' lang='grc' dir='ltr'>τὴν</span> <span class='ocrx_word' id='word_1_397' title='bbox 361 4551 386 4598; x_wconf 77' lang='grc' dir='ltr'>ἐν</span> <span class='ocrx_word' id='word_1_398' title='bbox 405 4549 486 4598; x_wconf 83' lang='grc' dir='ltr'>πίστει</span> <span class='ocrx_word' id='word_1_399' title='bbox 504 4549 616 4614; x_wconf 77' lang='grc' dir='ltr'>ἡμετέρᾳ,</span> <span class='ocrx_word' id='word_1_400' title='bbox 639 4567 661 4600; x_wconf 76' lang='lat' dir='ltr'>a.</span> <span class='ocrx_word' id='word_1_401' title='bbox 670 4567 693 4599; x_wconf 85' lang='lat' dir='ltr'>r.</span> <span class='ocrx_word' id='word_1_402' title='bbox 703 4551 727 4598; x_wconf 91' lang='grc' dir='ltr'>λ.</span> <span class='ocrx_word' id='word_1_403' title='bbox 776 4551 830 4600; x_wconf 89' lang='lat' dir='ltr'>tion</span> <span class='ocrx_word' id='word_1_404' title='bbox 845 4548 867 4598; x_wconf 87' lang='lat' dir='ltr'>is</span> <span class='ocrx_word' id='word_1_405' title='bbox 882 4549 925 4598; x_wconf 90' lang='lat' dir='ltr'>the</span> <span class='ocrx_word' id='word_1_406' title='bbox 942 4547 1058 4597; x_wconf 87' lang='lat' dir='ltr'>evidence</span> <span class='ocrx_word' id='word_1_407' title='bbox 1073 4547 1102 4595; x_wconf 79' lang='lat' dir='ltr'>ol</span> <span class='ocrx_word' id='word_1_408' title='bbox 1116 4563 1163 4596; x_wconf 90' lang='lat' dir='ltr'>our</span> <span class='ocrx_word' id='word_1_409' title='bbox 1172 4545 1329 4613; x_wconf 66' lang='lat' dir='ltr'>{communion</span> 
     </span>
     <span class='ocr_line' id='line_1_46' title="bbox 179 4628 1294 4696; baseline -0.004 -14"><span class='ocrx_word' id='word_1_410' title='bbox 179 4633 217 4682; x_wconf 82' lang='lat' dir='ltr'>Of.</span> <span class='ocrx_word' id='word_1_411' title='bbox 236 4632 330 4694; x_wconf 78' lang='lat' dir='ltr'>crepent</span> <span class='ocrx_word' id='word_1_412' title='bbox 346 4633 379 4694; x_wconf 84' lang='grc' dir='ltr'><strong><em>τῇ</em></strong></span> <span class='ocrx_word' id='word_1_413' title='bbox 396 4631 484 4692; x_wconf 76' lang='grc' dir='ltr'>πίστει,</span> <span class='ocrx_word' id='word_1_414' title='bbox 499 4646 508 4680; x_wconf 90' lang='lat'>1</span> <span class='ocrx_word' id='word_1_415' title='bbox 520 4632 576 4681; x_wconf 89' lang='lat' dir='ltr'>Pet.</span> <span class='ocrx_word' id='word_1_416' title='bbox 585 4648 609 4680; x_wconf 92' lang='lat' dir='ltr'>v.</span> <span class='ocrx_word' id='word_1_417' title='bbox 622 4645 646 4696; x_wconf 82' lang='lat'>9,</span> <span class='ocrx_word' id='word_1_418' title='bbox 682 4633 730 4680; x_wconf 71' lang='lat' dir='ltr'>elne</span> <span class='ocrx_word' id='word_1_419' title='bbox 776 4631 836 4680; x_wconf 84' lang='lat' dir='ltr'>with</span> <span class='ocrx_word' id='word_1_420' title='bbox 849 4628 948 4688; x_wconf 74' lang='lat' dir='ltr'>Christ5</span> <span class='ocrx_word' id='word_1_421' title='bbox 966 4628 986 4678; x_wconf 89' lang='lat' dir='ltr'>it</span> <span class='ocrx_word' id='word_1_422' title='bbox 998 4629 1018 4678; x_wconf 88' lang='lat' dir='ltr'>ie</span> <span class='ocrx_word' id='word_1_423' title='bbox 1030 4629 1128 4678; x_wconf 85' lang='lat' dir='ltr'>nottho</span> <span class='ocrx_word' id='word_1_424' title='bbox 1140 4633 1294 4678; x_wconf 86' lang='lat' dir='ltr'>otonement.</span> 
     </span>
    </p>
   </div>
   <div class='ocr_carea' id='block_1_8' title="bbox 1133 4717 1224 4780">
    <p class='ocr_par' dir='ltr' id='par_1_9' title="bbox 1133 4717 1224 4780">
     <span class='ocr_line' id='line_1_47' title="bbox 1133 4717 1224 4780; baseline -0.011 0"><span class='ocrx_word' id='word_1_425' title='bbox 1133 4717 1224 4780; x_wconf 74' lang='lat'><strong>9--2</strong></span> 
     </span>
    </p>
   </div>
   <div class='ocr_carea' id='block_1_9' title="bbox 0 0 1672 5070">
    <p class='ocr_par' dir='ltr' id='par_1_10' title="bbox 0 0 1672 5070">
     <span class='ocr_line' id='line_1_48' title="bbox 0 0 1672 5070; baseline 0 2"><span class='ocrx_word' id='word_1_426' title='bbox 0 0 1672 5070; x_wconf 95' lang='lat' dir='ltr'> </span> 
     </span>
    </p>
   </div>
  </div>
 </body>
</html>
