3334 5070
657 403 911 456 ARGUMENTA.
1107 423 1110 428 ·
1293 387 1357 452 149

203 561 336 632 rentem,
359 560 392 618 et
414 554 584 640 separatim
601 577 673 620 eum
691 555 744 640 qui
763 577 873 641 passus
894 563 943 622 est
957 556 1081 621 Jesum.
1139 555 1212 620 Non
1235 554 1360 620 anima
1395 569 1497 654 Hippi·

205 656 302 722 Patre
324 657 482 742 accipiunt
506 680 693 745 cognoscere
710 659 836 738 Filium,
852 681 910 724 nec
932 681 953 724 a
969 659 1052 723 Filio
1074 657 1198 724 discunt
1219 658 1358 736 Patrem,
1389 663 1429 701 GR
1446 661 1513 701 ΝΛ·

1428 709 1462 746 SS.
1471 707 1511 749 lv.

204 761 370 828 manifeste
385 769 418 827 et
431 761 499 828 sine
514 763 669 848 parabolis
684 765 775 828 ¹eum
790 763 905 844 Deum,
921 763 974 851 qui
989 769 1038 830 est
1052 783 1133 842 vere,
1149 762 1291 828 docente.
1384 710 1472 794 mm

1374 834 1523 842 -φ-

690 972 792 1038 GAP.
816 972 879 1040 IV.

207 1126 369 1202 Oatcosio
387 1126 564 1228 paconium
575 1127 708 1219 ,comm
730 1127 878 1226 quidem
896 1140 928 1204 et
945 1141 1048 1204 terro
1069 1129 1257 1220 transient,
1280 1129 1360 1204 Do-

281 1245 403 1320 minus
430 1259 552 1320 autem
587 1245 653 1344 qui
665 1244 759 1343 fecit
787 1271 840 1336 eo,
873 1259 994 1320 maaet
1018 1245 1060 1320 lo
1089 1259 1285 1322 cetero-um:
1326 1258 1358 1320 ct

276 1361 355 1462 lpse
372 1365 490 1438 Pater
507 1377 555 1438 eat
572 1362 730 1438 Domini
746 1376 879 1437 mostra.

100 1553 181 1597 ocra
207 1535 237 1596 1.
280 1533 350 1611 Na,
369 1533 480 1620 inquit,
494 1533 681 1618 juraveritis
703 1533 737 1596 io
760 1542 862 1611 totum,
891 1556 985 1620 oeque
1010 1535 1044 1598 io
1071 1534 1186 1612 crolum,
1216 1535 1359 1622 quonlam
1370 1559 1502 1646 patara,

207 1635 330 1700 thronus
353 1644 395 1700 est
430 1637 511 1700 Dei:
535 1658 629 1721 oeque
651 1637 685 1698 iu
707 1644 833 1712 terram,
850 1636 992 1720 quonium
1010 1634 1169 1700 scabellum
1192 1645 1232 1700 cat
1244 1636 1359 1722 padum
1396 1633 1401 1646 '

206 1739 288 1824 ejus:
319 1761 414 1824 aequa
435 1761 498 1824 per
526 1737 730 1816 Hierusalem,
763 1739 907 1824 quostiam
932 1739 1041 1802 ciuitas
1071 1747 1113 1802 cst
1134 1739 1239 1824 urapai
1268 1739 1358 1823 rapis.

206 1840 291 1906 Haec
306 1841 390 1905 enim
405 1841 438 1904 in
451 1840 669 1906 fabricatorem
684 1840 849 1906 manifeste
860 1840 1038 1918 dictasunt,
1052 1839 1312 1926 quenadmodum
1326 1851 1359 1905 et

206 1943 320 2009 Esaias
344 1944 408 2009 ait:
435 1944 549 2008 Ooelum
577 1944 653 2008 mili
676 1945 757 2008 sedes
786 1953 837 2022 eal,
867 1947 969 2007 ²tarra
998 1943 1225 2029 suppedaneum
1243 1943 1508 2030 pullulabat-lust

205 2069 348 2112 meorum
393 2046 438 2110 Et
456 2053 570 2132 praeter
589 2047 672 2112 hunc
698 2046 778 2111 alius
797 2068 860 2111 non
878 2054 927 2110 est
943 2046 1051 2120 Deus;
1082 2055 1230 2111 caeterum
1253 2069 1273 2110 a
1294 2046 1360 2112 Do·

205 2147 291 2213 mino
305 2170 406 2236 neque
421 2147 519 2226 Deus,
535 2170 635 2235 neque
649 2170 782 2235 magnus
804 2170 860 2212 rex
881 2147 1055 2212 diceretur:
1079 2148 1256 2234 hujusmodi
1276 2149 1360 2213 anim

206 2273 264 2316 nec
287 2252 561 2336 comparationem,
581 2273 639 2316 neo
657 2251 752 2315 ullam
775 2251 886 2338 recipit
906 2251 1154 2336 superlationem.
1201 2252 1261 2334 Qui
1277 2253 1361 2317 enim

206 2377 299 2441 super
313 2377 348 2419 se
366 2356 462 2420 babet
480 2355 614 2440 aliquem
632 2355 832 2442 superiorem,
851 2364 884 2419 et
901 2356 959 2419 sub
978 2355 1106 2420 alterius
1124 2364 1279 2440 potestate
1300 2364 1358 2434 est,

206 2458 258 2524 hic
278 2481 379 2546 neque
402 2458 490 2524 Deus
513 2481 613 2545 neque
637 2479 771 2546 magnus
794 2481 850 2522 rex
876 2457 937 2522 dici
963 2465 1079 2542 potest.
1139 2459 1202 2522 Sed
1224 2480 1282 2522 nec
1305 2481 1360 2544 per

207 2561 338 2626 ironiam
353 2562 478 2646 quidem
490 2561 557 2626 haec
573 2561 657 2625 dicta
671 2579 750 2636 esse,
766 2568 914 2644 poterunt
926 2559 1038 2637 dicere,
1051 2581 1123 2622 cum
1138 2557 1360 2625 convincantur

207 2663 265 2729 ³ab
280 2665 357 2749 ipsis
372 2664 474 2742 dictis,
496 2665 642 2752 quoniam
666 2663 848 2729 inveritate
872 2662 956 2728 dict-a
978 2671 1063 2727 sunt.
1103 2662 1230 2728 Etenim
1246 2663 1360 2727 veritas

207 2775 275 2832 erat
299 2767 365 2856 ipae
386 2767 438 2856 qui
457 2768 652 2855 loquebatur,
676 2775 709 2832 et
723 2789 794 2832 vere
809 2766 988 2831 vindicabat
1006 2787 1095 2830 suam
1113 2766 1250 2844 domum,
1265 2767 1360 2853 proji-

207 2870 293 2936 ciens
304 2893 343 2936 ex
358 2893 396 2936 ea
410 2870 641 2946 nummularios,
653 2871 705 2957 qui
717 2877 750 2934 et
761 2871 907 2934 emebant
922 2877 954 2934 et
969 2869 1154 2948 vendebant,
1171 2868 1279 2934 dicens
1293 2869 1357 2934 eis:

207 2975 363 3062 Semptmu
388 2984 439 3053 cst,
463 2974 578 3038 Domus
599 2997 666 3038 auec
689 2975 793 3038 donum
818 2973 963 3038 oraticula
988 2970 1163 3066 corallium
1187 2995 1237 3037 coa
1259 2983 1360 3037 actoru
1372 2991 1431 3032 ma
1441 2991 1521 3030 xxi-1³

197 3079 318 3163 fecistis
344 3100 411 3142 com
432 3077 604 3164 speluncam
627 3077 790 3141 latronum.
835 3075 880 3140 Et
906 3098 1001 3160 quam
1019 3095 1144 3140 causam
1165 3074 1274 3140 habuit
1300 3075 1360 3140 hoc

207 3179 309 3245 lacere
332 3188 364 3246 et
386 3180 498 3258 dicere,
522 3188 555 3244 et
577 3179 702 3245 domurn
726 3201 816 3244 suam
838 3177 1005 3257 vindicare,
1036 3177 1063 3242 si
1092 3177 1226 3243 alterum
1256 3177 1360 3243 Deum
1427 3221 1432 3229 -

206 3282 434 3348 annuntiabat?
466 3281 522 3346 sed
551 3289 588 3346 ut
611 3282 789 3347 ostenderet
809 3290 1054 3368 transgressores
1074 3291 1212 3368 paternoe
1241 3281 1357 3368 Legis;

207 3408 309 3473 neque
332 3386 415 3451 enim
430 3386 557 3450 domum
572 3387 744 3465 incusabat,
756 3409 856 3474 neque
870 3387 971 3474 legem
986 3387 1241 3472 reprehendebat,
1266 3409 1357 3473 qnam
1371 3409 1432 3450 ma.
1441 3420 1460 3450 v.
1470 3411 1499 3454 rr.

106 3507 137 3546 Μ.
147 3507 190 3546 w·
207 3497 335 3556 venerat
360 3489 547 3575 adimplere;
568 3491 623 3555 sed
643 3493 764 3576 eosqui
780 3513 843 3557 non
858 3492 937 3556 bene
951 3493 1118 3556 utebantur
1132 3491 1235 3570 domo,
1260 3499 1292 3556 et
1306 3513 1361 3556 eos

209 3592 263 3678 qui
286 3592 389 3679 legem
411 3593 728 3679 transgrediebantur,
744 3595 904 3681 arguebat.
944 3595 989 3660 Et
1004 3595 1073 3660 ideo
1097 3595 1213 3660 Scribae
1228 3603 1261 3658 et
1277 3595 1360 3660 Pha-

208 3695 303 3774 risaei,
326 3695 378 3782 qui
403 3703 564 3781 coeperant
588 3717 609 3759 a
636 3696 828 3781 temporibus
848 3697 927 3784 legis
949 3705 1148 3762 contemnere
1166 3696 1280 3774 Deum,
1303 3683 1361 3762 nec

209 3797 352 3864 Verbum
367 3801 436 3886 ejus
450 3807 644 3885 receperunt,
665 3799 697 3864 id
712 3807 771 3880 eat,
789 3821 853 3864 non
872 3799 1070 3866 crediderunt
1086 3799 1222 3876 Christo,
1239 3799 1279 3863 de
1294 3800 1360 3884 qui·

206 3902 266 3967 bus
282 3899 394 3966 Esaias
408 3901 472 3966 ait:
496 3901 662 3988 Principes
676 3905 723 3968 tui
736 3902 1041 3970 rtudmo-audtuma
1054 3911 1132 3980 suot,
1147 3903 1219 3966 socii
1233 3904 1359 3987 surum,
1373 3924 1428 3965 nna.
1438 3925 1451 3964 r.
1462 3925 1491 3965 aa

256 4137 576 4199 maumosameea.
858 4141 938 4191 *rue
962 4141 1071 4190 neuras
1093 4143 1114 4191 a
1138 4129 1242 4206 naua
1273 4142 1357 4192 unx.

255 4218 366 4271 ’Tarm
401 4221 554 4283 Vooeautem,
568 4221 759 4272 uuicobcbbre·
810 4225 969 4274 ἀπειθοῦντες.
1009 4225 1062 4272 The
1084 4211 1219 4273 translator
1240 4227 1266 4273 in
1289 4227 1360 4275 other

204 4301 407 4362 viato,occarioaa
415 4303 759 4366 cp'mdanlltcroeproeccdmtia
809 4321 924 4370 passages
946 4306 991 4355 bas
1013 4306 1240 4357 indico-audientes
1261 4307 1301 4357 for
1322 4309 1359 4356 iu·

204 4384 320 4434 acidam
330 4385 432 4434 m’alctur.
451 4387 553 4437 Garun.
585 4387 627 4446 Or,
641 4387 758 4436 sincetbe
809 4387 944 4448 obedienta,
958 4387 1008 4436 and
1024 4388 1079 4448 348,
1098 4388 1113 4436 l.
1129 4403 1150 4448 3,
1164 4389 1196 4439 G.
1215 4389 1360 4439 indicto-au·

204 4466 313 4516 Vatioan
329 4471 385 4516 text
399 4467 469 4516 reads
483 4471 523 4516 καὶ
538 4469 560 4528 ἡ,
574 4469 625 4517 and
636 4476 681 4519 not
696 4471 756 4531 aar,
809 4469 1177 4521 diemiomforluolerlicnticm.
1203 4471 1248 4521 See
1261 4487 1315 4538 319,
1326 4473 1359 4521 G.

205 4555 225 4596 et
236 4563 288 4596 aaa
299 4563 360 4612 very
371 4548 492 4612 probably
503 4549 603 4614 rnerged
614 4551 640 4598 in
652 4557 690 4600 ert.
809 4550 858 4599 and
876 4553 930 4612 384,
949 4552 980 4600 G.
990 4569 996 4612 ;
1020 4551 1224 4602 dioto-audientia
1243 4553 1304 4614 also,
1322 4553 1361 4601 lor

254 4627 265 4660 ²
282 4629 326 4679 Cn.
340 4629 414 4678 omits
425 4629 455 4678 ab
467 4629 485 4679 i.
498 4630 523 4680 d.
536 4631 658 4693 quantana.
808 4633 948 4694 obedientia,
963 4651 1049 4684 occurs
1060 4635 1085 4683 in
1099 4636 1141 4684 the
1151 4651 1219 4685 same
1229 4651 1301 4698 page,
1316 4634 1347 4683 G.
