<?xml version="1.0" encoding="UTF-8"?>
<!DOCTYPE html PUBLIC "-//W3C//DTD XHTML 1.0 Transitional//EN"
    "http://www.w3.org/TR/xhtml1/DTD/xhtml1-transitional.dtd">
<html xmlns="http://www.w3.org/1999/xhtml" xml:lang="en" lang="en">
 <head>
  <title>
</title>
<meta http-equiv="Content-Type" content="text/html;charset=utf-8" />
  <meta name='ocr-system' content='tesseract 3.04.00' />
  <meta name='ocr-capabilities' content='ocr_page ocr_carea ocr_par ocr_line ocrx_word'/>
</head>
<body>
  <div class='ocr_page' id='page_1' title='image "./sanctiirenaeili00irengoog_0194.png"; bbox 0 0 3334 5070; ppageno 0'>
   <div class='ocr_carea' id='block_1_1' title="bbox 663 403 1356 472">
    <p class='ocr_par' dir='ltr' id='par_1_1' title="bbox 663 403 1356 472">
     <span class='ocr_line' id='line_1_1' title="bbox 663 403 1356 472; baseline -0.006 -2"><span class='ocrx_word' id='word_1_1' title='bbox 663 415 899 472; x_wconf 76' lang='lat' dir='ltr'>nmuunams.</span> <span class='ocrx_word' id='word_1_2' title='bbox 1291 403 1356 467; x_wconf 88' lang='lat'>183</span> 
     </span>
    </p>
   </div>
   <div class='ocr_carea' id='block_1_2' title="bbox 105 571 1518 3327">
    <p class='ocr_par' dir='ltr' id='par_1_2' title="bbox 193 571 1499 2606">
     <span class='ocr_line' id='line_1_2' title="bbox 195 571 1494 660; baseline -0.006 -22"><span class='ocrx_word' id='word_1_3' title='bbox 195 573 287 652; x_wconf 86' lang='lat' dir='ltr'>bona,</span> <span class='ocrx_word' id='word_1_4' title='bbox 303 571 488 659; x_wconf 81' lang='lat' dir='ltr'>sibimetipsi</span> <span class='ocrx_word' id='word_1_5' title='bbox 507 573 667 658; x_wconf 80' lang='lat' dir='ltr'>acquirere</span> <span class='ocrx_word' id='word_1_6' title='bbox 686 572 796 638; x_wconf 85' lang='lat' dir='ltr'>salutis</span> <span class='ocrx_word' id='word_1_7' title='bbox 815 573 980 638; x_wconf 85' lang='lat' dir='ltr'>alimenta:</span> <span class='ocrx_word' id='word_1_8' title='bbox 1004 573 1060 638; x_wconf 87' lang='lat' dir='ltr'>sed</span> <span class='ocrx_word' id='word_1_9' title='bbox 1078 573 1201 659; x_wconf 87' lang='lat' dir='ltr'>utplus</span> <span class='ocrx_word' id='word_1_10' title='bbox 1220 571 1354 660; x_wconf 87' lang='lat' dir='ltr'>gratiam</span> <span class='ocrx_word' id='word_1_11' title='bbox 1389 589 1443 630; x_wconf 83' lang='lat' dir='ltr'>ms.</span> <span class='ocrx_word' id='word_1_12' title='bbox 1454 591 1494 632; x_wconf 80' lang='grc' dir='ltr'>ιν</span> 
     </span>
     <span class='ocr_line' id='line_1_3' title="bbox 193 673 1486 790; baseline -0.001 -50"><span class='ocrx_word' id='word_1_13' title='bbox 193 676 265 790; x_wconf 77' lang='lat' dir='ltr'>ejus</span> <span class='ocrx_word' id='word_1_14' title='bbox 278 675 394 761; x_wconf 83' lang='lat' dir='ltr'>adepti,</span> <span class='ocrx_word' id='word_1_15' title='bbox 409 675 480 761; x_wconf 87' lang='lat' dir='ltr'>plus</span> <span class='ocrx_word' id='word_1_16' title='bbox 500 696 571 739; x_wconf 89' lang='lat' dir='ltr'>eum</span> <span class='ocrx_word' id='word_1_17' title='bbox 591 673 766 761; x_wconf 86' lang='lat' dir='ltr'>diligamus.</span> <span class='ocrx_word' id='word_1_18' title='bbox 811 674 937 756; x_wconf 73' lang='lat' dir='ltr'>Quanto</span> <span class='ocrx_word' id='word_1_19' title='bbox 953 683 1059 741; x_wconf 85' lang='lat' dir='ltr'>autem</span> <span class='ocrx_word' id='word_1_20' title='bbox 1081 675 1152 760; x_wconf 90' lang='lat' dir='ltr'>plus</span> <span class='ocrx_word' id='word_1_21' title='bbox 1168 697 1240 740; x_wconf 90' lang='lat' dir='ltr'>eum</span> <span class='ocrx_word' id='word_1_22' title='bbox 1258 673 1354 739; x_wconf 85' lang='lat' dir='ltr'>dilex-</span> <span class='ocrx_word' id='word_1_23' title='bbox 1394 636 1486 722; x_wconf 71' lang='lat' dir='ltr'>GMV</span> 
     </span>
     <span class='ocr_line' id='line_1_4' title="bbox 194 729 1506 893; baseline -0.001 -52"><span class='ocrx_word' id='word_1_24' title='bbox 194 777 319 893; x_wconf 78' lang='lat' dir='ltr'>erimus,</span> <span class='ocrx_word' id='word_1_25' title='bbox 334 777 395 842; x_wconf 90' lang='lat' dir='ltr'>hoo</span> <span class='ocrx_word' id='word_1_26' title='bbox 409 778 560 864; x_wconf 89' lang='lat' dir='ltr'>majorem</span> <span class='ocrx_word' id='word_1_27' title='bbox 574 777 614 840; x_wconf 90' lang='lat' dir='ltr'>ab</span> <span class='ocrx_word' id='word_1_28' title='bbox 629 797 666 840; x_wconf 93' lang='lat' dir='ltr'>eo</span> <span class='ocrx_word' id='word_1_29' title='bbox 680 776 810 862; x_wconf 82' lang='lat' dir='ltr'>gloriam</span> <span class='ocrx_word' id='word_1_30' title='bbox 820 777 1016 862; x_wconf 77' lang='lat' dir='ltr'>accipiemus,</span> <span class='ocrx_word' id='word_1_31' title='bbox 1032 799 1104 842; x_wconf 93' lang='lat' dir='ltr'>cum</span> <span class='ocrx_word' id='word_1_32' title='bbox 1118 777 1216 841; x_wconf 89' lang='lat' dir='ltr'>simus</span> <span class='ocrx_word' id='word_1_33' title='bbox 1230 797 1448 862; x_wconf 57' lang='lat' dir='ltr'>semper-m</span> <span class='ocrx_word' id='word_1_34' title='bbox 1378 740 1456 817; x_wconf 77' lang='grc'><strong>33333·</strong></span> <span class='ocrx_word' id='word_1_35' title='bbox 1439 729 1506 818; x_wconf 50' lang='lat' dir='ltr'>mlv</span> 
     </span>
     <span class='ocr_line' id='line_1_5' title="bbox 194 877 1518 966; baseline 0 -24"><span class='ocrx_word' id='word_1_36' title='bbox 194 877 227 942; x_wconf 91' lang='lat' dir='ltr'>in</span> <span class='ocrx_word' id='word_1_37' title='bbox 242 885 411 966; x_wconf 85' lang='lat' dir='ltr'>conspectu</span> <span class='ocrx_word' id='word_1_38' title='bbox 375 879 540 944; x_wconf 87' lang='lat' dir='ltr'>tuPatris.</span> <span class='ocrx_word' id='word_1_39' title='bbox 580 878 691 959; x_wconf 77' lang='lat' dir='ltr'>Quia</span> <span class='ocrx_word' id='word_1_40' title='bbox 682 878 778 966; x_wconf 79' lang='lat' dir='ltr'>igitur</span> <span class='ocrx_word' id='word_1_41' title='bbox 798 886 853 943; x_wconf 85' lang='lat' dir='ltr'>nat</span> <span class='ocrx_word' id='word_1_42' title='bbox 840 879 951 943; x_wconf 85' lang='lat' dir='ltr'>turalia</span> <span class='ocrx_word' id='word_1_43' title='bbox 972 879 1077 943; x_wconf 91' lang='lat' dir='ltr'>omnia</span> <span class='ocrx_word' id='word_1_44' title='bbox 1093 877 1257 964; x_wconf 57' lang='lat' dir='ltr'>praecepta</span> <span class='ocrx_word' id='word_1_45' title='bbox 1270 897 1518 944; x_wconf 57' lang='lat' dir='ltr'>com-“-</span> 
     </span>
     <span class='ocr_line' id='line_1_6' title="bbox 194 979 1353 1066; baseline 0 -22"><span class='ocrx_word' id='word_1_46' title='bbox 194 982 303 1046; x_wconf 91' lang='lat' dir='ltr'>munia</span> <span class='ocrx_word' id='word_1_47' title='bbox 319 989 394 1046; x_wconf 89' lang='lat' dir='ltr'>sunt</span> <span class='ocrx_word' id='word_1_48' title='bbox 409 982 500 1046; x_wconf 86' lang='lat' dir='ltr'>nobis</span> <span class='ocrx_word' id='word_1_49' title='bbox 517 989 550 1046; x_wconf 88' lang='lat' dir='ltr'>et</span> <span class='ocrx_word' id='word_1_50' title='bbox 572 981 643 1060; x_wconf 89' lang='lat' dir='ltr'>illis,</span> <span class='ocrx_word' id='word_1_51' title='bbox 661 981 695 1044; x_wconf 90' lang='lat' dir='ltr'>iu</span> <span class='ocrx_word' id='word_1_52' title='bbox 717 980 777 1045; x_wconf 86' lang='lat' dir='ltr'>illis</span> <span class='ocrx_word' id='word_1_53' title='bbox 797 981 921 1066; x_wconf 90' lang='lat' dir='ltr'>quidem</span> <span class='ocrx_word' id='word_1_54' title='bbox 937 980 1060 1045; x_wconf 91' lang='lat' dir='ltr'>initium</span> <span class='ocrx_word' id='word_1_55' title='bbox 1082 989 1114 1046; x_wconf 85' lang='lat' dir='ltr'>et</span> <span class='ocrx_word' id='word_1_56' title='bbox 1131 989 1234 1046; x_wconf 89' lang='lat' dir='ltr'>ortum</span> <span class='ocrx_word' id='word_1_57' title='bbox 1256 979 1353 1046; x_wconf 86' lang='lat' dir='ltr'>habu·</span> 
     </span>
     <span class='ocr_line' id='line_1_7' title="bbox 196 1084 1351 1170; baseline -0.003 -20"><span class='ocrx_word' id='word_1_58' title='bbox 196 1091 309 1160; x_wconf 88' lang='lat' dir='ltr'>cmnt;</span> <span class='ocrx_word' id='word_1_59' title='bbox 331 1084 365 1148; x_wconf 92' lang='lat' dir='ltr'>in</span> <span class='ocrx_word' id='word_1_60' title='bbox 383 1084 473 1149; x_wconf 87' lang='lat' dir='ltr'>nobis</span> <span class='ocrx_word' id='word_1_61' title='bbox 487 1091 593 1150; x_wconf 86' lang='lat' dir='ltr'>autem</span> <span class='ocrx_word' id='word_1_62' title='bbox 607 1091 810 1170; x_wconf 77' lang='lat' dir='ltr'>augmentum</span> <span class='ocrx_word' id='word_1_63' title='bbox 825 1091 858 1148; x_wconf 90' lang='lat' dir='ltr'>et</span> <span class='ocrx_word' id='word_1_64' title='bbox 871 1084 1124 1169; x_wconf 82' lang='lat' dir='ltr'>adimpletionem</span> <span class='ocrx_word' id='word_1_65' title='bbox 1137 1091 1351 1170; x_wconf 88' lang='lat' dir='ltr'>perceperunt.</span> 
     </span>
     <span class='ocr_line' id='line_1_8' title="bbox 198 1186 1353 1274; baseline 0.001 -22"><span class='ocrx_word' id='word_1_66' title='bbox 198 1187 363 1252; x_wconf 87' lang='lat' dir='ltr'>Assentire</span> <span class='ocrx_word' id='word_1_67' title='bbox 378 1187 461 1252; x_wconf 88' lang='lat' dir='ltr'>enim</span> <span class='ocrx_word' id='word_1_68' title='bbox 475 1187 556 1265; x_wconf 85' lang='lat' dir='ltr'>Deo,</span> <span class='ocrx_word' id='word_1_69' title='bbox 572 1194 605 1252; x_wconf 88' lang='lat' dir='ltr'>et</span> <span class='ocrx_word' id='word_1_70' title='bbox 618 1186 706 1274; x_wconf 87' lang='lat' dir='ltr'>sequi</span> <span class='ocrx_word' id='word_1_71' title='bbox 720 1189 787 1273; x_wconf 88' lang='lat' dir='ltr'>ejus</span> <span class='ocrx_word' id='word_1_72' title='bbox 799 1187 952 1268; x_wconf 88' lang='lat' dir='ltr'>Verbum,</span> <span class='ocrx_word' id='word_1_73' title='bbox 964 1195 997 1254; x_wconf 90' lang='lat' dir='ltr'>et</span> <span class='ocrx_word' id='word_1_74' title='bbox 1007 1210 1101 1273; x_wconf 83' lang='lat' dir='ltr'>super</span> <span class='ocrx_word' id='word_1_75' title='bbox 1111 1188 1216 1252; x_wconf 87' lang='lat' dir='ltr'>omnia</span> <span class='ocrx_word' id='word_1_76' title='bbox 1226 1187 1353 1274; x_wconf 89' lang='lat' dir='ltr'>diligere</span> 
     </span>
     <span class='ocr_line' id='line_1_9' title="bbox 197 1289 1354 1378; baseline 0.002 -24"><span class='ocrx_word' id='word_1_77' title='bbox 197 1311 279 1368; x_wconf 89' lang='lat' dir='ltr'>eum,</span> <span class='ocrx_word' id='word_1_78' title='bbox 288 1298 321 1355; x_wconf 91' lang='lat' dir='ltr'>et</span> <span class='ocrx_word' id='word_1_79' title='bbox 334 1289 509 1376; x_wconf 82' lang='lat' dir='ltr'>proximum</span> <span class='ocrx_word' id='word_1_80' title='bbox 520 1290 601 1355; x_wconf 76' lang='lat' dir='ltr'>siem</span> <span class='ocrx_word' id='word_1_81' title='bbox 615 1289 762 1377; x_wconf 90' lang='lat' dir='ltr'>seipsum,</span> <span class='ocrx_word' id='word_1_82' title='bbox 771 1290 865 1356; x_wconf 93' lang='lat' dir='ltr'>homo</span> <span class='ocrx_word' id='word_1_83' title='bbox 876 1299 981 1356; x_wconf 90' lang='lat' dir='ltr'>autem</span> <span class='ocrx_word' id='word_1_84' title='bbox 991 1291 1124 1358; x_wconf 86' lang='lat' dir='ltr'>¹bomini</span> <span class='ocrx_word' id='word_1_85' title='bbox 1139 1290 1307 1378; x_wconf 85' lang='lat' dir='ltr'>proximus,</span> <span class='ocrx_word' id='word_1_86' title='bbox 1321 1299 1354 1356; x_wconf 87' lang='lat' dir='ltr'>et</span> 
     </span>
     <span class='ocr_line' id='line_1_10' title="bbox 196 1392 1353 1481; baseline 0.003 -23"><span class='ocrx_word' id='word_1_87' title='bbox 196 1392 354 1458; x_wconf 82' lang='lat' dir='ltr'>abstinere</span> <span class='ocrx_word' id='word_1_88' title='bbox 367 1395 408 1458; x_wconf 88' lang='lat' dir='ltr'>ab</span> <span class='ocrx_word' id='word_1_89' title='bbox 423 1392 508 1458; x_wconf 91' lang='lat' dir='ltr'>omni</span> <span class='ocrx_word' id='word_1_90' title='bbox 522 1393 605 1458; x_wconf 85' lang='lat' dir='ltr'>mala</span> <span class='ocrx_word' id='word_1_91' title='bbox 625 1394 813 1480; x_wconf 85' lang='lat' dir='ltr'>operatione,</span> <span class='ocrx_word' id='word_1_92' title='bbox 832 1403 865 1458; x_wconf 90' lang='lat' dir='ltr'>et</span> <span class='ocrx_word' id='word_1_93' title='bbox 880 1415 1070 1481; x_wconf 82' lang='lat' dir='ltr'>quaecunque</span> <span class='ocrx_word' id='word_1_94' title='bbox 1084 1395 1160 1459; x_wconf 87' lang='lat' dir='ltr'>talia</span> <span class='ocrx_word' id='word_1_95' title='bbox 1176 1393 1353 1462; x_wconf 83' lang='lat' dir='ltr'>communia</span> 
     </span>
     <span class='ocr_line' id='line_1_11' title="bbox 197 1495 1353 1582; baseline 0 -22"><span class='ocrx_word' id='word_1_96' title='bbox 197 1495 337 1582; x_wconf 89' lang='lat' dir='ltr'>utrisque</span> <span class='ocrx_word' id='word_1_97' title='bbox 351 1503 434 1575; x_wconf 90' lang='lat' dir='ltr'>sunt,</span> <span class='ocrx_word' id='word_1_98' title='bbox 449 1517 547 1560; x_wconf 89' lang='lat' dir='ltr'>unum</span> <span class='ocrx_word' id='word_1_99' title='bbox 560 1503 593 1562; x_wconf 89' lang='lat' dir='ltr'>et</span> <span class='ocrx_word' id='word_1_100' title='bbox 608 1496 740 1561; x_wconf 89' lang='lat' dir='ltr'>eundem</span> <span class='ocrx_word' id='word_1_101' title='bbox 755 1497 923 1562; x_wconf 87' lang='lat' dir='ltr'>ostendunt</span> <span class='ocrx_word' id='word_1_102' title='bbox 938 1495 1053 1562; x_wconf 91' lang='lat' dir='ltr'>Deum.</span> <span class='ocrx_word' id='word_1_103' title='bbox 1098 1495 1163 1561; x_wconf 93' lang='lat' dir='ltr'>Hic</span> <span class='ocrx_word' id='word_1_104' title='bbox 1177 1503 1226 1561; x_wconf 90' lang='lat' dir='ltr'>est</span> <span class='ocrx_word' id='word_1_105' title='bbox 1245 1503 1353 1562; x_wconf 87' lang='lat' dir='ltr'>autem</span> 
     </span>
     <span class='ocr_line' id='line_1_12' title="bbox 197 1597 1353 1687; baseline 0.001 -23"><span class='ocrx_word' id='word_1_106' title='bbox 197 1597 354 1666; x_wconf 87' lang='lat' dir='ltr'>Dominus</span> <span class='ocrx_word' id='word_1_107' title='bbox 364 1598 619 1666; x_wconf 86' lang='lat' dir='ltr'>nosterVerbum</span> <span class='ocrx_word' id='word_1_108' title='bbox 626 1599 698 1678; x_wconf 88' lang='lat' dir='ltr'>Dei,</span> <span class='ocrx_word' id='word_1_109' title='bbox 708 1597 761 1686; x_wconf 89' lang='lat' dir='ltr'>qui</span> <span class='ocrx_word' id='word_1_110' title='bbox 769 1600 869 1685; x_wconf 89' lang='lat' dir='ltr'>primo</span> <span class='ocrx_word' id='word_1_111' title='bbox 880 1600 1004 1687; x_wconf 93' lang='lat' dir='ltr'>quidem</span> <span class='ocrx_word' id='word_1_112' title='bbox 1016 1621 1120 1666; x_wconf 87' lang='lat' dir='ltr'>servos</span> <span class='ocrx_word' id='word_1_113' title='bbox 1132 1599 1263 1665; x_wconf 84' lang='lat' dir='ltr'>attraxit</span> <span class='ocrx_word' id='word_1_114' title='bbox 1273 1599 1353 1679; x_wconf 88' lang='lat' dir='ltr'>Deo,</span> 
     </span>
     <span class='ocr_line' id='line_1_13' title="bbox 198 1701 1355 1791; baseline 0.002 -25"><span class='ocrx_word' id='word_1_115' title='bbox 198 1710 308 1791; x_wconf 85' lang='lat' dir='ltr'>postea</span> <span class='ocrx_word' id='word_1_116' title='bbox 321 1708 427 1767; x_wconf 84' lang='lat' dir='ltr'>autem</span> <span class='ocrx_word' id='word_1_117' title='bbox 441 1701 582 1767; x_wconf 82' lang='lat' dir='ltr'>liberavit</span> <span class='ocrx_word' id='word_1_118' title='bbox 596 1724 651 1768; x_wconf 86' lang='lat' dir='ltr'>eos</span> <span class='ocrx_word' id='word_1_119' title='bbox 665 1703 719 1788; x_wconf 89' lang='lat' dir='ltr'>qui</span> <span class='ocrx_word' id='word_1_120' title='bbox 730 1702 863 1788; x_wconf 88' lang='lat' dir='ltr'>subjecti</span> <span class='ocrx_word' id='word_1_121' title='bbox 878 1711 952 1768; x_wconf 91' lang='lat' dir='ltr'>sunt</span> <span class='ocrx_word' id='word_1_122' title='bbox 962 1702 1001 1780; x_wconf 92' lang='lat' dir='ltr'>ei,</span> <span class='ocrx_word' id='word_1_123' title='bbox 1014 1703 1274 1790; x_wconf 79' lang='lat' dir='ltr'>quemadmodum</span> <span class='ocrx_word' id='word_1_124' title='bbox 1288 1701 1355 1789; x_wconf 89' lang='lat' dir='ltr'>ipse</span> 
     </span>
     <span class='ocr_line' id='line_1_14' title="bbox 197 1803 1496 1892; baseline 0.001 -23"><span class='ocrx_word' id='word_1_125' title='bbox 197 1805 244 1870; x_wconf 87' lang='lat' dir='ltr'>ait</span> <span class='ocrx_word' id='word_1_126' title='bbox 258 1803 433 1892; x_wconf 78' lang='lat' dir='ltr'>discipulis:</span> <span class='ocrx_word' id='word_1_127' title='bbox 457 1804 534 1868; x_wconf 84' lang='lat' dir='ltr'>Jom</span> <span class='ocrx_word' id='word_1_128' title='bbox 551 1827 610 1868; x_wconf 85' lang='lat' dir='ltr'>coo</span> <span class='ocrx_word' id='word_1_129' title='bbox 625 1805 727 1868; x_wconf 80' lang='lat' dir='ltr'>dicam</span> <span class='ocrx_word' id='word_1_130' title='bbox 744 1826 794 1868; x_wconf 86' lang='lat' dir='ltr'>oos</span> <span class='ocrx_word' id='word_1_131' title='bbox 810 1827 928 1870; x_wconf 67' lang='lat' dir='ltr'>socos:</span> <span class='ocrx_word' id='word_1_132' title='bbox 951 1806 1026 1892; x_wconf 79' lang='lat' dir='ltr'>quio</span> <span class='ocrx_word' id='word_1_133' title='bbox 1040 1827 1143 1870; x_wconf 66' lang='lat' dir='ltr'>socos</span> <span class='ocrx_word' id='word_1_134' title='bbox 1164 1807 1258 1872; x_wconf 77' lang='lat' dir='ltr'>noscit</span> <span class='ocrx_word' id='word_1_135' title='bbox 1278 1805 1496 1892; x_wconf 65' lang='lat' dir='ltr'>quiesco-1⁵.</span> 
     </span>
     <span class='ocr_line' id='line_1_15' title="bbox 201 1905 1355 1996; baseline 0.005 -26"><span class='ocrx_word' id='word_1_136' title='bbox 201 1907 265 1992; x_wconf 77' lang='lat' dir='ltr'>ojos</span> <span class='ocrx_word' id='word_1_137' title='bbox 277 1905 551 1991; x_wconf 80' lang='lat' dir='ltr'>Domiouasooiat.</span> <span class='ocrx_word' id='word_1_138' title='bbox 592 1906 648 1972; x_wconf 81' lang='lat' dir='ltr'>Vos</span> <span class='ocrx_word' id='word_1_139' title='bbox 661 1916 763 1972; x_wconf 82' lang='lat' dir='ltr'>autom</span> <span class='ocrx_word' id='word_1_140' title='bbox 778 1908 847 1974; x_wconf 75' lang='lat' dir='ltr'>clici</span> <span class='ocrx_word' id='word_1_141' title='bbox 864 1909 984 1987; x_wconf 63' lang='lat' dir='ltr'>ammos,</span> <span class='ocrx_word' id='word_1_142' title='bbox 1001 1910 1145 1993; x_wconf 80' lang='lat' dir='ltr'>quonium</span> <span class='ocrx_word' id='word_1_143' title='bbox 1164 1909 1267 1974; x_wconf 79' lang='lat' dir='ltr'>mocio</span> <span class='ocrx_word' id='word_1_144' title='bbox 1286 1931 1355 1996; x_wconf 78' lang='lat' dir='ltr'>quc</span> 
     </span>
     <span class='ocr_line' id='line_1_16' title="bbox 199 2003 1357 2097; baseline 0.003 -24"><span class='ocrx_word' id='word_1_145' title='bbox 199 2003 310 2074; x_wconf 61' lang='lat' dir='ltr'>corboi</span> <span class='ocrx_word' id='word_1_146' title='bbox 330 2033 352 2073; x_wconf 87' lang='lat' dir='ltr'>c</span> <span class='ocrx_word' id='word_1_147' title='bbox 373 2009 474 2074; x_wconf 79' lang='lat' dir='ltr'>Patro</span> <span class='ocrx_word' id='word_1_148' title='bbox 487 2009 577 2088; x_wconf 71' lang='grc' dir='ltr'>ἀαεο,</span> <span class='ocrx_word' id='word_1_149' title='bbox 592 2010 799 2094; x_wconf 72' lang='lat' dir='ltr'>manifestant.</span> <span class='ocrx_word' id='word_1_150' title='bbox 844 2009 883 2073; x_wconf 93' lang='lat' dir='ltr'>In</span> <span class='ocrx_word' id='word_1_151' title='bbox 903 2032 941 2075; x_wconf 91' lang='lat' dir='ltr'>eo</span> <span class='ocrx_word' id='word_1_152' title='bbox 959 2010 1043 2076; x_wconf 91' lang='lat' dir='ltr'>enim</span> <span class='ocrx_word' id='word_1_153' title='bbox 1062 2011 1146 2097; x_wconf 90' lang='lat' dir='ltr'>quod</span> <span class='ocrx_word' id='word_1_154' title='bbox 1160 2011 1254 2078; x_wconf 88' lang='lat' dir='ltr'>dicit:</span> <span class='ocrx_word' id='word_1_155' title='bbox 1279 2011 1357 2078; x_wconf 83' lang='lat' dir='ltr'>Jam</span> 
     </span>
     <span class='ocr_line' id='line_1_17' title="bbox 199 2111 1356 2200; baseline 0.003 -24"><span class='ocrx_word' id='word_1_156' title='bbox 199 2133 260 2176; x_wconf 80' lang='lat' dir='ltr'>ooo</span> <span class='ocrx_word' id='word_1_157' title='bbox 274 2111 378 2177; x_wconf 81' lang='lat' dir='ltr'>dicam</span> <span class='ocrx_word' id='word_1_158' title='bbox 391 2133 561 2191; x_wconf 68' lang='lat' dir='ltr'>misereor,</span> <span class='ocrx_word' id='word_1_159' title='bbox 576 2111 827 2177; x_wconf 83' lang='lat' dir='ltr'>manifestissime</span> <span class='ocrx_word' id='word_1_160' title='bbox 842 2112 1027 2199; x_wconf 85' lang='lat' dir='ltr'>significavit</span> <span class='ocrx_word' id='word_1_161' title='bbox 1041 2134 1075 2180; x_wconf 86' lang='lat' dir='ltr'>se</span> <span class='ocrx_word' id='word_1_162' title='bbox 1091 2135 1169 2193; x_wconf 87' lang='lat' dir='ltr'>esse,</span> <span class='ocrx_word' id='word_1_163' title='bbox 1185 2113 1238 2200; x_wconf 90' lang='lat' dir='ltr'>qni</span> <span class='ocrx_word' id='word_1_164' title='bbox 1255 2113 1356 2200; x_wconf 89' lang='lat' dir='ltr'>primo</span> 
     </span>
     <span class='ocr_line' id='line_1_18' title="bbox 201 2213 1357 2303; baseline 0.003 -25"><span class='ocrx_word' id='word_1_165' title='bbox 201 2213 326 2300; x_wconf 90' lang='lat' dir='ltr'>quidem</span> <span class='ocrx_word' id='word_1_166' title='bbox 339 2235 409 2280; x_wconf 86' lang='lat' dir='ltr'>eam</span> <span class='ocrx_word' id='word_1_167' title='bbox 423 2213 603 2279; x_wconf 83' lang='lat' dir='ltr'>servitutem</span> <span class='ocrx_word' id='word_1_168' title='bbox 614 2235 684 2299; x_wconf 78' lang='lat' dir='ltr'>quae</span> <span class='ocrx_word' id='word_1_169' title='bbox 699 2221 748 2278; x_wconf 87' lang='lat' dir='ltr'>est</span> <span class='ocrx_word' id='word_1_170' title='bbox 758 2236 833 2302; x_wconf 84' lang='lat' dir='ltr'>erga</span> <span class='ocrx_word' id='word_1_171' title='bbox 848 2214 962 2292; x_wconf 92' lang='lat' dir='ltr'>Deum,</span> <span class='ocrx_word' id='word_1_172' title='bbox 977 2214 1154 2280; x_wconf 87' lang='lat' dir='ltr'>hominibus</span> <span class='ocrx_word' id='word_1_173' title='bbox 1167 2237 1222 2301; x_wconf 87' lang='lat' dir='ltr'>per</span> <span class='ocrx_word' id='word_1_174' title='bbox 1237 2215 1357 2303; x_wconf 84' lang='lat' dir='ltr'>Legem</span> 
     </span>
     <span class='ocr_line' id='line_1_19' title="bbox 200 2309 1356 2400; baseline -0.001 -20"><span class='ocrx_word' id='word_1_175' title='bbox 200 2309 406 2392; x_wconf 77' lang='lat' dir='ltr'>constituerit,</span> <span class='ocrx_word' id='word_1_176' title='bbox 421 2319 493 2400; x_wconf 87' lang='lat' dir='ltr'>post</span> <span class='ocrx_word' id='word_1_177' title='bbox 508 2313 618 2378; x_wconf 89' lang='lat' dir='ltr'>deinde</span> <span class='ocrx_word' id='word_1_178' title='bbox 632 2312 807 2378; x_wconf 85' lang='lat' dir='ltr'>libertatem</span> <span class='ocrx_word' id='word_1_179' title='bbox 824 2313 870 2378; x_wconf 88' lang='lat' dir='ltr'>eis</span> <span class='ocrx_word' id='word_1_180' title='bbox 892 2313 1062 2378; x_wconf 87' lang='lat' dir='ltr'>donaverit.</span> <span class='ocrx_word' id='word_1_181' title='bbox 1107 2313 1152 2376; x_wconf 88' lang='lat' dir='ltr'>Et</span> <span class='ocrx_word' id='word_1_182' title='bbox 1169 2313 1202 2378; x_wconf 91' lang='lat' dir='ltr'>in</span> <span class='ocrx_word' id='word_1_183' title='bbox 1219 2335 1257 2378; x_wconf 87' lang='lat' dir='ltr'>eo</span> <span class='ocrx_word' id='word_1_184' title='bbox 1273 2315 1356 2398; x_wconf 89' lang='lat' dir='ltr'>quod</span> 
     </span>
     <span class='ocr_line' id='line_1_20' title="bbox 200 2415 1355 2503; baseline -0.002 -21"><span class='ocrx_word' id='word_1_185' title='bbox 200 2418 295 2483; x_wconf 91' lang='lat' dir='ltr'>dicit:</span> <span class='ocrx_word' id='word_1_186' title='bbox 332 2419 480 2498; x_wconf 63' lang='lat' dir='ltr'>emtam</span> <span class='ocrx_word' id='word_1_187' title='bbox 500 2439 602 2482; x_wconf 78' lang='lat' dir='ltr'>servus</span> <span class='ocrx_word' id='word_1_188' title='bbox 622 2418 716 2482; x_wconf 78' lang='lat' dir='ltr'>noscit</span> <span class='ocrx_word' id='word_1_189' title='bbox 736 2415 814 2503; x_wconf 78' lang='lat' dir='ltr'>quid</span> <span class='ocrx_word' id='word_1_190' title='bbox 821 2417 928 2500; x_wconf 81' lang='lat' dir='ltr'>sociat</span> <span class='ocrx_word' id='word_1_191' title='bbox 948 2416 1098 2480; x_wconf 76' lang='lat' dir='ltr'>Dominus</span> <span class='ocrx_word' id='word_1_192' title='bbox 1116 2415 1188 2501; x_wconf 69' lang='lat' dir='ltr'>or&#39;ao,</span> <span class='ocrx_word' id='word_1_193' title='bbox 1210 2415 1355 2502; x_wconf 82' lang='lat' dir='ltr'>ignoran-</span> 
     </span>
     <span class='ocr_line' id='line_1_21' title="bbox 199 2515 1355 2606; baseline -0.003 -21"><span class='ocrx_word' id='word_1_194' title='bbox 199 2521 278 2585; x_wconf 87' lang='lat' dir='ltr'>tiam</span> <span class='ocrx_word' id='word_1_195' title='bbox 292 2519 409 2586; x_wconf 83' lang='lat' dir='ltr'>servilis</span> <span class='ocrx_word' id='word_1_196' title='bbox 422 2519 527 2606; x_wconf 93' lang='lat' dir='ltr'>populi</span> <span class='ocrx_word' id='word_1_197' title='bbox 542 2517 721 2583; x_wconf 85' lang='lat' dir='ltr'>manifestat</span> <span class='ocrx_word' id='word_1_198' title='bbox 735 2537 895 2602; x_wconf 90' lang='lat' dir='ltr'>persuum</span> <span class='ocrx_word' id='word_1_199' title='bbox 910 2516 1088 2581; x_wconf 87' lang='lat' dir='ltr'>adventum.</span> <span class='ocrx_word' id='word_1_200' title='bbox 1134 2515 1173 2578; x_wconf 96' lang='lat' dir='ltr'>In</span> <span class='ocrx_word' id='word_1_201' title='bbox 1190 2537 1228 2581; x_wconf 92' lang='lat' dir='ltr'>eo</span> <span class='ocrx_word' id='word_1_202' title='bbox 1248 2524 1355 2581; x_wconf 89' lang='lat' dir='ltr'>autem</span> 
     </span>
    </p>

    <p class='ocr_par' dir='ltr' id='par_1_3' title="bbox 105 2619 1507 3327">
     <span class='ocr_line' id='line_1_22' title="bbox 105 2619 1354 2710; baseline -0.002 -21"><span class='ocrx_word' id='word_1_203' title='bbox 105 2623 108 2630; x_wconf 83' lang='lat'>&#39;</span> <span class='ocrx_word' id='word_1_204' title='bbox 200 2624 284 2710; x_wconf 95' lang='lat' dir='ltr'>quod</span> <span class='ocrx_word' id='word_1_205' title='bbox 297 2624 415 2689; x_wconf 74' lang='lat' dir='ltr'>amicos</span> <span class='ocrx_word' id='word_1_206' title='bbox 429 2623 491 2688; x_wconf 93' lang='lat' dir='ltr'>Dei</span> <span class='ocrx_word' id='word_1_207' title='bbox 505 2623 581 2688; x_wconf 89' lang='lat' dir='ltr'>dicit</span> <span class='ocrx_word' id='word_1_208' title='bbox 595 2642 669 2687; x_wconf 86' lang='lat' dir='ltr'>suos</span> <span class='ocrx_word' id='word_1_209' title='bbox 690 2620 867 2706; x_wconf 84' lang='lat' dir='ltr'>discipulos,</span> <span class='ocrx_word' id='word_1_210' title='bbox 889 2619 1053 2684; x_wconf 88' lang='lat' dir='ltr'>manifeste</span> <span class='ocrx_word' id='word_1_211' title='bbox 1073 2619 1208 2684; x_wconf 86' lang='lat' dir='ltr'>ostendit</span> <span class='ocrx_word' id='word_1_212' title='bbox 1227 2642 1263 2685; x_wconf 89' lang='lat' dir='ltr'>se</span> <span class='ocrx_word' id='word_1_213' title='bbox 1286 2641 1354 2686; x_wconf 86' lang='lat' dir='ltr'>csse</span> 
     </span>
     <span class='ocr_line' id='line_1_23' title="bbox 201 2722 1394 2814; baseline -0.007 -24"><span class='ocrx_word' id='word_1_214' title='bbox 201 2726 347 2792; x_wconf 86' lang='lat' dir='ltr'>Verbum</span> <span class='ocrx_word' id='word_1_215' title='bbox 357 2726 428 2806; x_wconf 90' lang='lat' dir='ltr'>Dei,</span> <span class='ocrx_word' id='word_1_216' title='bbox 439 2748 530 2814; x_wconf 91' lang='lat' dir='ltr'>quem</span> <span class='ocrx_word' id='word_1_217' title='bbox 542 2734 574 2791; x_wconf 86' lang='lat' dir='ltr'>et</span> <span class='ocrx_word' id='word_1_218' title='bbox 584 2724 748 2790; x_wconf 88' lang='lat' dir='ltr'>Abrabam</span> <span class='ocrx_word' id='word_1_219' title='bbox 762 2722 953 2788; x_wconf 86' lang='lat' dir='ltr'>³voluntarie</span> <span class='ocrx_word' id='word_1_220' title='bbox 967 2730 1000 2788; x_wconf 90' lang='lat' dir='ltr'>et</span> <span class='ocrx_word' id='word_1_221' title='bbox 1009 2723 1076 2788; x_wconf 88' lang='lat' dir='ltr'>siue</span> <span class='ocrx_word' id='word_1_222' title='bbox 1084 2723 1213 2789; x_wconf 87' lang='lat' dir='ltr'>vinculis</span> <span class='ocrx_word' id='word_1_223' title='bbox 1228 2731 1354 2810; x_wconf 88' lang='lat' dir='ltr'>propter</span> <span class='ocrx_word' id='word_1_224' title='bbox 1392 2777 1394 2782; x_wconf 81' lang='grc'>,</span> 
     </span>
     <span class='ocr_line' id='line_1_24' title="bbox 198 2827 1507 2919; baseline 0.002 -22.998"><span class='ocrx_word' id='word_1_225' title='bbox 198 2831 441 2919; x_wconf 76' lang='lat' dir='ltr'>generositatem</span> <span class='ocrx_word' id='word_1_226' title='bbox 462 2829 535 2894; x_wconf 87' lang='lat' dir='ltr'>fidei</span> <span class='ocrx_word' id='word_1_227' title='bbox 551 2849 693 2916; x_wconf 87' lang='lat' dir='ltr'>sequens,</span> <span class='ocrx_word' id='word_1_228' title='bbox 714 2827 834 2894; x_wconf 86' lang='lat' dir='ltr'>amicus</span> <span class='ocrx_word' id='word_1_229' title='bbox 853 2829 955 2892; x_wconf 84' lang='lat' dir='ltr'>factus</span> <span class='ocrx_word' id='word_1_230' title='bbox 973 2835 1023 2893; x_wconf 88' lang='lat' dir='ltr'>est</span> <span class='ocrx_word' id='word_1_231' title='bbox 1042 2827 1130 2893; x_wconf 81' lang='lat' dir='ltr'>³Dei.</span> <span class='ocrx_word' id='word_1_232' title='bbox 1170 2828 1233 2893; x_wconf 87' lang='lat' dir='ltr'>Sed</span> <span class='ocrx_word' id='word_1_233' title='bbox 1250 2851 1353 2916; x_wconf 88' lang='lat' dir='ltr'>neque</span> <span class='ocrx_word' id='word_1_234' title='bbox 1365 2855 1507 2898; x_wconf 64' lang='lat' dir='ltr'>raecum</span> 
     </span>
     <span class='ocr_line' id='line_1_25' title="bbox 200 2929 1353 3019; baseline 0 -21"><span class='ocrx_word' id='word_1_235' title='bbox 200 2933 340 2998; x_wconf 76' lang='lat' dir='ltr'>Abrahae</span> <span class='ocrx_word' id='word_1_236' title='bbox 354 2931 524 2998; x_wconf 86' lang='lat' dir='ltr'>amicitiam</span> <span class='ocrx_word' id='word_1_237' title='bbox 538 2939 664 3018; x_wconf 85' lang='lat' dir='ltr'>propter</span> <span class='ocrx_word' id='word_1_238' title='bbox 678 2931 882 3019; x_wconf 86' lang='lat' dir='ltr'>indigentiam</span> <span class='ocrx_word' id='word_1_239' title='bbox 896 2929 1044 2996; x_wconf 81' lang='lat' dir='ltr'>assumsit</span> <span class='ocrx_word' id='word_1_240' title='bbox 1059 2931 1121 2996; x_wconf 89' lang='lat' dir='ltr'>Dei</span> <span class='ocrx_word' id='word_1_241' title='bbox 1131 2929 1283 3010; x_wconf 89' lang='lat' dir='ltr'>Verbum,</span> <span class='ocrx_word' id='word_1_242' title='bbox 1299 2955 1353 2998; x_wconf 89' lang='lat' dir='ltr'>ex·</span> 
     </span>
     <span class='ocr_line' id='line_1_26' title="bbox 199 3031 1503 3122; baseline -0.002 -22"><span class='ocrx_word' id='word_1_243' title='bbox 199 3036 314 3101; x_wconf 85' lang='lat' dir='ltr'>sistens</span> <span class='ocrx_word' id='word_1_244' title='bbox 327 3037 368 3100; x_wconf 86' lang='lat' dir='ltr'>ab</span> <span class='ocrx_word' id='word_1_245' title='bbox 388 3035 477 3099; x_wconf 80' lang='lat' dir='ltr'>initio</span> <span class='ocrx_word' id='word_1_246' title='bbox 491 3033 662 3122; x_wconf 84' lang='lat' dir='ltr'>perlectus:</span> <span class='ocrx_word' id='word_1_247' title='bbox 689 3042 851 3120; x_wconf 80' lang='lat' dir='ltr'>autequam</span> <span class='ocrx_word' id='word_1_248' title='bbox 862 3035 942 3097; x_wconf 81' lang='lat' dir='ltr'>euim</span> <span class='ocrx_word' id='word_1_249' title='bbox 952 3031 1112 3098; x_wconf 70' lang='lat' dir='ltr'>Abrohom</span> <span class='ocrx_word' id='word_1_250' title='bbox 1123 3043 1203 3112; x_wconf 75' lang='lat' dir='ltr'>esset,</span> <span class='ocrx_word' id='word_1_251' title='bbox 1216 3056 1265 3120; x_wconf 71' lang='lat' dir='ltr'>epo</span> <span class='ocrx_word' id='word_1_252' title='bbox 1275 3056 1351 3116; x_wconf 79' lang='lat' dir='ltr'>suot,</span> <span class='ocrx_word' id='word_1_253' title='bbox 1365 3051 1415 3093; x_wconf 69' lang='lat' dir='ltr'>son.</span> <span class='ocrx_word' id='word_1_254' title='bbox 1424 3051 1503 3092; x_wconf 73' lang='lat' dir='ltr'>auu.</span> 
     </span>
     <span class='ocr_line' id='line_1_27' title="bbox 201 3137 1353 3226; baseline 0.001 -24"><span class='ocrx_word' id='word_1_255' title='bbox 201 3139 321 3226; x_wconf 80' lang='lat' dir='ltr'>inquit3</span> <span class='ocrx_word' id='word_1_256' title='bbox 357 3137 413 3203; x_wconf 86' lang='lat' dir='ltr'>sed</span> <span class='ocrx_word' id='word_1_257' title='bbox 437 3144 474 3202; x_wconf 88' lang='lat' dir='ltr'>ut</span> <span class='ocrx_word' id='word_1_258' title='bbox 502 3137 561 3223; x_wconf 84' lang='lat' dir='ltr'>ipsi</span> <span class='ocrx_word' id='word_1_259' title='bbox 585 3137 724 3202; x_wconf 85' lang='lat' dir='ltr'>Abrahae</span> <span class='ocrx_word' id='word_1_260' title='bbox 748 3137 878 3202; x_wconf 88' lang='lat' dir='ltr'>donaret</span> <span class='ocrx_word' id='word_1_261' title='bbox 900 3143 1051 3202; x_wconf 85' lang='lat' dir='ltr'>aeternam</span> <span class='ocrx_word' id='word_1_262' title='bbox 1076 3137 1173 3202; x_wconf 87' lang='lat' dir='ltr'>vitam</span> <span class='ocrx_word' id='word_1_263' title='bbox 1198 3137 1353 3204; x_wconf 86' lang='lat' dir='ltr'>exsistens</span> 
     </span>
     <span class='ocr_line' id='line_1_28' title="bbox 197 3239 1352 3327; baseline 0 -21"><span class='ocrx_word' id='word_1_264' title='bbox 197 3241 309 3320; x_wconf 88' lang='lat' dir='ltr'>bonus,</span> <span class='ocrx_word' id='word_1_265' title='bbox 325 3240 472 3327; x_wconf 90' lang='lat' dir='ltr'>quoniam</span> <span class='ocrx_word' id='word_1_266' title='bbox 485 3239 623 3306; x_wconf 87' lang='lat' dir='ltr'>amicitia</span> <span class='ocrx_word' id='word_1_267' title='bbox 637 3239 698 3304; x_wconf 91' lang='lat' dir='ltr'>Dei</span> <span class='ocrx_word' id='word_1_268' title='bbox 721 3239 982 3306; x_wconf 72' lang='lat' dir='ltr'>4immortalitatis</span> <span class='ocrx_word' id='word_1_269' title='bbox 1003 3247 1052 3306; x_wconf 85' lang='lat' dir='ltr'>est</span> <span class='ocrx_word' id='word_1_270' title='bbox 1078 3239 1282 3306; x_wconf 85' lang='lat' dir='ltr'>condonatrix</span> <span class='ocrx_word' id='word_1_271' title='bbox 1302 3241 1352 3306; x_wconf 88' lang='lat' dir='ltr'>his</span> 
     </span>
    </p>
   </div>
   <div class='ocr_carea' id='block_1_3' title="bbox 196 3330 587 3432">
    <p class='ocr_par' dir='ltr' id='par_1_4' title="bbox 196 3330 587 3432">
     <span class='ocr_line' id='line_1_29' title="bbox 196 3330 587 3432; baseline -0.005 -23"><span class='ocrx_word' id='word_1_272' title='bbox 196 3330 253 3430; x_wconf 81' lang='lat' dir='ltr'>¹qui</span> <span class='ocrx_word' id='word_1_273' title='bbox 266 3343 489 3432; x_wconf 85' lang='lat' dir='ltr'>aggrediuntur</span> <span class='ocrx_word' id='word_1_274' title='bbox 506 3365 587 3409; x_wconf 83' lang='lat' dir='ltr'>eam.</span> 
     </span>
    </p>
   </div>
   <div class='ocr_carea' id='block_1_4' title="bbox 195 3543 1353 3978">
    <p class='ocr_par' dir='ltr' id='par_1_5' title="bbox 195 3543 1353 3978">
     <span class='ocr_line' id='line_1_30' title="bbox 247 3543 1352 3606; baseline 0.002 -13"><span class='ocrx_word' id='word_1_275' title='bbox 247 3545 259 3578; x_wconf 88' lang='lat'><strong>¹</strong></span> <span class='ocrx_word' id='word_1_276' title='bbox 276 3547 307 3594; x_wconf 91' lang='lat' dir='ltr'>In</span> <span class='ocrx_word' id='word_1_277' title='bbox 318 3546 362 3595; x_wconf 85' lang='lat' dir='ltr'>the</span> <span class='ocrx_word' id='word_1_278' title='bbox 373 3545 473 3594; x_wconf 77' lang='lat' dir='ltr'>Guuau.</span> <span class='ocrx_word' id='word_1_279' title='bbox 487 3545 545 3595; x_wconf 82' lang='lat' dir='ltr'>MS.</span> <span class='ocrx_word' id='word_1_280' title='bbox 558 3543 677 3602; x_wconf 56' lang='lat' dir='ltr'>bominem</span> <span class='ocrx_word' id='word_1_281' title='bbox 689 3544 751 3592; x_wconf 91' lang='lat' dir='ltr'>indi·</span> <span class='ocrx_word' id='word_1_282' title='bbox 800 3543 858 3592; x_wconf 90' lang='lat' dir='ltr'>read</span> <span class='ocrx_word' id='word_1_283' title='bbox 876 3544 902 3592; x_wconf 91' lang='lat' dir='ltr'>in</span> <span class='ocrx_word' id='word_1_284' title='bbox 921 3544 991 3592; x_wconf 86' lang='lat' dir='ltr'>these</span> <span class='ocrx_word' id='word_1_285' title='bbox 1013 3543 1083 3594; x_wconf 81' lang='lat' dir='ltr'>three</span> <span class='ocrx_word' id='word_1_286' title='bbox 1105 3544 1193 3606; x_wconf 82' lang='lat' dir='ltr'>MSS.,</span> <span class='ocrx_word' id='word_1_287' title='bbox 1217 3545 1315 3595; x_wconf 88' lang='lat' dir='ltr'>neither</span> <span class='ocrx_word' id='word_1_288' title='bbox 1330 3547 1352 3595; x_wconf 84' lang='lat' dir='ltr'>ie</span> 
     </span>
     <span class='ocr_line' id='line_1_31' title="bbox 198 3611 1353 3704; baseline 0.015 -29"><span class='ocrx_word' id='word_1_289' title='bbox 198 3627 410 3690; x_wconf 73' lang='lat' dir='ltr'>cotingthevery</span> <span class='ocrx_word' id='word_1_290' title='bbox 423 3626 542 3689; x_wconf 83' lang='lat' dir='ltr'>probable</span> <span class='ocrx_word' id='word_1_291' title='bbox 557 3625 660 3689; x_wconf 80' lang='lat' dir='ltr'>reading</span> <span class='ocrx_word' id='word_1_292' title='bbox 676 3624 751 3674; x_wconf 77' lang='lat' dir='ltr'>bomi-</span> <span class='ocrx_word' id='word_1_293' title='bbox 800 3625 919 3674; x_wconf 73' lang='lat' dir='ltr'>Ganu&#39;s</span> <span class='ocrx_word' id='word_1_294' title='bbox 934 3625 1104 3689; x_wconf 59' lang='lat' dir='ltr'>redingum</span> <span class='ocrx_word' id='word_1_295' title='bbox 1117 3625 1177 3688; x_wconf 57' lang='lat' dir='ltr'>filil·</span> <span class='ocrx_word' id='word_1_296' title='bbox 1215 3625 1271 3691; x_wconf 71' lang='lat'><strong>35¹¹·</strong></span> <span class='ocrx_word' id='word_1_297' title='bbox 1290 3611 1353 3704; x_wconf 55' lang='grc' dir='ltr'>(Ὢ</span> 
     </span>
     <span class='ocr_line' id='line_1_32' title="bbox 196 3705 1351 3798; baseline 0.008 -39"><span class='ocrx_word' id='word_1_298' title='bbox 196 3709 248 3770; x_wconf 74' lang='lat' dir='ltr'>aia,</span> <span class='ocrx_word' id='word_1_299' title='bbox 267 3724 295 3757; x_wconf 86' lang='lat' dir='ltr'>as</span> <span class='ocrx_word' id='word_1_300' title='bbox 312 3709 405 3758; x_wconf 77' lang='lat' dir='ltr'>aclose</span> <span class='ocrx_word' id='word_1_301' title='bbox 420 3724 485 3772; x_wconf 83' lang='lat' dir='ltr'>copy</span> <span class='ocrx_word' id='word_1_302' title='bbox 501 3708 530 3756; x_wconf 83' lang='lat' dir='ltr'>of</span> <span class='ocrx_word' id='word_1_303' title='bbox 541 3708 585 3757; x_wconf 88' lang='lat' dir='ltr'>the</span> <span class='ocrx_word' id='word_1_304' title='bbox 603 3707 694 3769; x_wconf 79' lang='lat' dir='ltr'>Greek,</span> <span class='ocrx_word' id='word_1_305' title='bbox 709 3709 753 3756; x_wconf 79' lang='grc' dir='ltr'>τοῦ</span> <span class='ocrx_word' id='word_1_306' title='bbox 1045 3763 1054 3782; x_wconf 54' lang='lat'>‚</span> <span class='ocrx_word' id='word_1_307' title='bbox 1076 3705 1231 3798; x_wconf 55' lang='lat' dir='ltr'>inlsswl</span> <span class='ocrx_word' id='word_1_308' title='bbox 1256 3706 1351 3798; x_wconf 40' lang='grc' dir='ltr'>ὡς]</span> 
     </span>
     <span class='ocr_line' id='line_1_33' title="bbox 199 3759 1353 3882; baseline 0.01 -42"><span class='ocrx_word' id='word_1_309' title='bbox 199 3793 324 3854; x_wconf 69' lang='grc' dir='ltr'>ἀνθρώπου</span> <span class='ocrx_word' id='word_1_310' title='bbox 335 3791 446 3850; x_wconf 72' lang='grc' dir='ltr'>πλησίον.</span> <span class='ocrx_word' id='word_1_311' title='bbox 464 3790 517 3840; x_wconf 80' lang='lat' dir='ltr'>The</span> <span class='ocrx_word' id='word_1_312' title='bbox 528 3806 597 3840; x_wconf 80' lang='lat' dir='ltr'>same</span> <span class='ocrx_word' id='word_1_313' title='bbox 608 3789 666 3841; x_wconf 84' lang='lat' dir='ltr'>MS.</span> <span class='ocrx_word' id='word_1_314' title='bbox 680 3789 751 3839; x_wconf 82' lang='lat' dir='ltr'>reads</span> <span class='ocrx_word' id='word_1_315' title='bbox 849 3827 860 3860; x_wconf 58' lang='lat'><em>2</em></span> <span class='ocrx_word' id='word_1_316' title='bbox 886 3759 1151 3880; x_wconf 36' lang='grc' dir='ltr'>ωῑαπωήιηὲυάι</span> <span class='ocrx_word' id='word_1_317' title='bbox 1182 3783 1275 3882; x_wconf 55' lang='lat' dir='ltr'>&#39;Tm</span> <span class='ocrx_word' id='word_1_318' title='bbox 1302 3837 1353 3882; x_wconf 48' lang='lat' dir='ltr'>two</span> 
     </span>
     <span class='ocr_line' id='line_1_34' title="bbox 195 3871 1353 3978; baseline 0.016 -32"><span class='ocrx_word' id='word_1_319' title='bbox 195 3872 315 3935; x_wconf 55' lang='lat' dir='ltr'>Imm</span> <span class='ocrx_word' id='word_1_320' title='bbox 344 3873 426 3921; x_wconf 70' lang='lat' dir='ltr'>Vhi⁰h</span> <span class='ocrx_word' id='word_1_321' title='bbox 452 3888 503 3921; x_wconf 68' lang='lat'>&#39;⁷⁸¹⁸</span> <span class='ocrx_word' id='word_1_322' title='bbox 531 3888 564 3921; x_wconf 68' lang='lat'>³¹¹</span> <span class='ocrx_word' id='word_1_323' title='bbox 592 3871 752 3964; x_wconf 47' lang='lat' dir='ltr'>mimmii?</span> <span class='ocrx_word' id='word_1_324' title='bbox 800 3909 881 3959; x_wconf 81' lang='lat' dir='ltr'>words</span> <span class='ocrx_word' id='word_1_325' title='bbox 909 3927 951 3960; x_wconf 86' lang='lat' dir='ltr'>are</span> <span class='ocrx_word' id='word_1_326' title='bbox 978 3913 1108 3978; x_wconf 80' lang='lat' dir='ltr'>csrelessly</span> <span class='ocrx_word' id='word_1_327' title='bbox 1135 3914 1240 3963; x_wconf 84' lang='lat' dir='ltr'>omitted</span> <span class='ocrx_word' id='word_1_328' title='bbox 1262 3916 1289 3962; x_wconf 89' lang='lat' dir='ltr'>in</span> <span class='ocrx_word' id='word_1_329' title='bbox 1309 3915 1353 3964; x_wconf 89' lang='lat' dir='ltr'>tho</span> 
     </span>
    </p>
   </div>
   <div class='ocr_carea' id='block_1_5' title="bbox 198 3953 1353 4058">
    <p class='ocr_par' dir='ltr' id='par_1_6' title="bbox 198 3953 1353 4058">
     <span class='ocr_line' id='line_1_35' title="bbox 198 3953 1353 4058; baseline 0.028 -44"><span class='ocrx_word' id='word_1_330' title='bbox 198 3955 296 4017; x_wconf 69' lang='lat' dir='ltr'>though</span> <span class='ocrx_word' id='word_1_331' title='bbox 315 3954 418 4002; x_wconf 58' lang='lat' dir='ltr'>weles</span> <span class='ocrx_word' id='word_1_332' title='bbox 435 3954 568 4002; x_wconf 56' lang='grc'><strong>3311333303</strong></span> <span class='ocrx_word' id='word_1_333' title='bbox 587 3953 650 4001; x_wconf 68' lang='grc'><strong>3033</strong></span> <span class='ocrx_word' id='word_1_334' title='bbox 666 3967 750 4046; x_wconf 64' lang='grc'><strong>33333]</strong></span> <span class='ocrx_word' id='word_1_335' title='bbox 800 3991 900 4043; x_wconf 75' lang='grc' dir='ltr'>οιιιιι.</span> <span class='ocrx_word' id='word_1_336' title='bbox 913 3992 971 4043; x_wconf 81' lang='lat' dir='ltr'>ms.</span> <span class='ocrx_word' id='word_1_337' title='bbox 996 3994 1107 4044; x_wconf 68' lang='grc' dir='ltr'>ικουσιως</span> <span class='ocrx_word' id='word_1_338' title='bbox 1123 3995 1164 4044; x_wconf 68' lang='grc' dir='ltr'>ιιι</span> <span class='ocrx_word' id='word_1_339' title='bbox 1181 3996 1296 4058; x_wconf 60' lang='lat' dir='ltr'>crassa,</span> <span class='ocrx_word' id='word_1_340' title='bbox 1313 3998 1353 4046; x_wconf 79' lang='grc' dir='ltr'>αι</span> 
     </span>
    </p>
   </div>
   <div class='ocr_carea' id='block_1_6' title="bbox 197 4033 1352 4216">
    <p class='ocr_par' dir='ltr' id='par_1_7' title="bbox 197 4033 1352 4216">
     <span class='ocr_line' id='line_1_36' title="bbox 197 4033 1249 4096; baseline -0.029 -5"><span class='ocrx_word' id='word_1_341' title='bbox 197 4050 260 4096; x_wconf 68' lang='lat' dir='ltr'>mm,</span> <span class='ocrx_word' id='word_1_342' title='bbox 278 4051 306 4084; x_wconf 79' lang='lat' dir='ltr'>so</span> <span class='ocrx_word' id='word_1_343' title='bbox 319 4051 380 4084; x_wconf 84' lang='lat' dir='ltr'>soon</span> <span class='ocrx_word' id='word_1_344' title='bbox 397 4051 425 4084; x_wconf 84' lang='lat' dir='ltr'>ae</span> <span class='ocrx_word' id='word_1_345' title='bbox 438 4035 482 4085; x_wconf 87' lang='lat' dir='ltr'>the</span> <span class='ocrx_word' id='word_1_346' title='bbox 499 4039 554 4084; x_wconf 85' lang='lat' dir='ltr'>text</span> <span class='ocrx_word' id='word_1_347' title='bbox 573 4034 632 4084; x_wconf 79' lang='lat' dir='ltr'>read</span> <span class='ocrx_word' id='word_1_348' title='bbox 647 4033 749 4084; x_wconf 75' lang='grc' dir='ltr'>Ιιααιιαι.</span> <span class='ocrx_word' id='word_1_349' title='bbox 1081 4075 1093 4090; x_wconf 42' lang='grc' dir='ltr'>Α</span> <span class='ocrx_word' id='word_1_350' title='bbox 1237 4078 1249 4092; x_wconf 40' lang='grc' dir='ltr'><strong>Α</strong></span> 
     </span>
     <span class='ocr_line' id='line_1_37' title="bbox 197 4073 1350 4166; baseline -0.023 -16"><span class='ocrx_word' id='word_1_351' title='bbox 197 4115 251 4164; x_wconf 59' lang='lat' dir='ltr'>The</span> <span class='ocrx_word' id='word_1_352' title='bbox 274 4132 342 4165; x_wconf 59' lang='lat' dir='ltr'>„me</span> <span class='ocrx_word' id='word_1_353' title='bbox 363 4117 414 4166; x_wconf 73' lang='lat' dir='ltr'>MS</span> <span class='ocrx_word' id='word_1_354' title='bbox 446 4118 520 4166; x_wconf 52' lang='lat' dir='ltr'><strong>omits</strong></span> <span class='ocrx_word' id='word_1_355' title='bbox 542 4115 658 4166; x_wconf 54' lang='lat' dir='ltr'>Mum</span> <span class='ocrx_word' id='word_1_356' title='bbox 689 4116 752 4166; x_wconf 54' lang='lat' dir='ltr'><strong>with</strong></span> <span class='ocrx_word' id='word_1_357' title='bbox 800 4073 829 4122; x_wconf 80' lang='grc' dir='ltr'>τὸ</span> <span class='ocrx_word' id='word_1_358' title='bbox 839 4075 883 4133; x_wconf 74' lang='grc' dir='ltr'>τῆς</span> <span class='ocrx_word' id='word_1_359' title='bbox 894 4073 998 4123; x_wconf 77' lang='grc' dir='ltr'><strong><em>πίστεως</em></strong></span> <span class='ocrx_word' id='word_1_360' title='bbox 1008 4090 1117 4134; x_wconf 56' lang='lat' dir='ltr'>perimor</span> <span class='ocrx_word' id='word_1_361' title='bbox 1128 4075 1265 4144; x_wconf 74' lang='grc' dir='ltr'>ἀκολαυθων</span> <span class='ocrx_word' id='word_1_362' title='bbox 1276 4080 1350 4127; x_wconf 86' lang='grc' dir='ltr'>κ.τ.λ.</span> 
     </span>
     <span class='ocr_line' id='line_1_38' title="bbox 416 4151 1352 4216; baseline -0.033 20"><span class='ocrx_word' id='word_1_363' title='bbox 416 4155 422 4167; x_wconf 40' lang='grc' dir='ltr'>Ι</span> <span class='ocrx_word' id='word_1_364' title='bbox 657 4152 665 4177; x_wconf 43' lang='lat' dir='ltr'>i</span> <span class='ocrx_word' id='word_1_365' title='bbox 848 4151 860 4184; x_wconf 78' lang='lat'><strong>⁴</strong></span> <span class='ocrx_word' id='word_1_366' title='bbox 883 4155 1054 4216; x_wconf 59' lang='lat' dir='ltr'>W‘VW‘KV</span> <span class='ocrx_word' id='word_1_367' title='bbox 1076 4155 1130 4204; x_wconf 62' lang='grc' dir='ltr'>ἔστι</span> <span class='ocrx_word' id='word_1_368' title='bbox 1153 4157 1197 4215; x_wconf 74' lang='grc' dir='ltr'>τῆς</span> <span class='ocrx_word' id='word_1_369' title='bbox 1220 4157 1352 4208; x_wconf 75' lang='grc' dir='ltr'>ἀθανασίας</span> 
     </span>
    </p>
   </div>
   <div class='ocr_carea' id='block_1_7' title="bbox 197 4197 1352 4381">
    <p class='ocr_par' dir='ltr' id='par_1_8' title="bbox 197 4197 1352 4381">
     <span class='ocr_line' id='line_1_39' title="bbox 197 4197 1348 4298; baseline 0.009 -20"><span class='ocrx_word' id='word_1_370' title='bbox 197 4197 414 4248; x_wconf 58' lang='lat' dir='ltr'>Whiehtheoem</span> <span class='ocrx_word' id='word_1_371' title='bbox 424 4198 647 4263; x_wconf 47' lang='lat' dir='ltr'><strong>mmmmm</strong></span> <span class='ocrx_word' id='word_1_372' title='bbox 799 4237 849 4285; x_wconf 73' lang='grc' dir='ltr'>τοῖς</span> <span class='ocrx_word' id='word_1_373' title='bbox 871 4237 1028 4298; x_wconf 62' lang='grc' dir='ltr'>ἐπιλαβοῦσα</span> <span class='ocrx_word' id='word_1_374' title='bbox 1050 4237 1132 4297; x_wconf 81' lang='grc' dir='ltr'>αὑτήν.</span> <span class='ocrx_word' id='word_1_375' title='bbox 1172 4237 1226 4286; x_wconf 78' lang='lat' dir='ltr'>The</span> <span class='ocrx_word' id='word_1_376' title='bbox 1248 4239 1348 4289; x_wconf 77' lang='lat' dir='ltr'>umas.</span> 
     </span>
     <span class='ocr_line' id='line_1_40' title="bbox 247 4309 1352 4381; baseline 0.009 -21"><span class='ocrx_word' id='word_1_377' title='bbox 247 4309 259 4342; x_wconf 79' lang='lat'>⁸</span> <span class='ocrx_word' id='word_1_378' title='bbox 281 4310 411 4360; x_wconf 77' lang='lat' dir='ltr'>Massuru</span> <span class='ocrx_word' id='word_1_379' title='bbox 433 4311 580 4377; x_wconf 82' lang='lat' dir='ltr'>incorrectly</span> <span class='ocrx_word' id='word_1_380' title='bbox 601 4315 689 4376; x_wconf 87' lang='lat' dir='ltr'>quotes</span> <span class='ocrx_word' id='word_1_381' title='bbox 707 4313 751 4361; x_wconf 81' lang='lat' dir='ltr'>the</span> <span class='ocrx_word' id='word_1_382' title='bbox 799 4317 901 4381; x_wconf 80' lang='lat' dir='ltr'>isagain</span> <span class='ocrx_word' id='word_1_383' title='bbox 909 4313 1010 4365; x_wconf 73' lang='lat' dir='ltr'>carelese</span> <span class='ocrx_word' id='word_1_384' title='bbox 1021 4318 1072 4366; x_wconf 84' lang='lat' dir='ltr'>aud</span> <span class='ocrx_word' id='word_1_385' title='bbox 1082 4319 1156 4368; x_wconf 85' lang='lat' dir='ltr'>omits</span> <span class='ocrx_word' id='word_1_386' title='bbox 1164 4317 1352 4370; x_wconf 70' lang='lat' dir='ltr'>aoownulitctia</span> 
     </span>
    </p>
   </div>
   <div class='ocr_carea' id='block_1_8' title="bbox 198 4391 1350 4548">
    <p class='ocr_par' dir='ltr' id='par_1_9' title="bbox 198 4391 1350 4548">
     <span class='ocr_line' id='line_1_41' title="bbox 198 4391 1350 4460; baseline 0.009 -18"><span class='ocrx_word' id='word_1_387' title='bbox 198 4391 412 4443; x_wconf 65' lang='lat' dir='ltr'>sternuisse</span> <span class='ocrx_word' id='word_1_388' title='bbox 429 4393 546 4458; x_wconf 82' lang='lat' dir='ltr'>omitting</span> <span class='ocrx_word' id='word_1_389' title='bbox 561 4407 619 4454; x_wconf 73' lang='lat' dir='ltr'>two,</span> <span class='ocrx_word' id='word_1_390' title='bbox 632 4393 713 4442; x_wconf 82' lang='lat' dir='ltr'>which</span> <span class='ocrx_word' id='word_1_391' title='bbox 729 4395 751 4442; x_wconf 81' lang='lat' dir='ltr'>is</span> <span class='ocrx_word' id='word_1_392' title='bbox 798 4406 837 4460; x_wconf 72' lang='lat' dir='ltr'>ot,</span> <span class='ocrx_word' id='word_1_393' title='bbox 850 4399 897 4449; x_wconf 89' lang='lat' dir='ltr'>but</span> <span class='ocrx_word' id='word_1_394' title='bbox 911 4399 972 4450; x_wconf 75' lang='lat' dir='ltr'>addc</span> <span class='ocrx_word' id='word_1_395' title='bbox 987 4401 1031 4450; x_wconf 82' lang='lat' dir='ltr'>the</span> <span class='ocrx_word' id='word_1_396' title='bbox 1042 4401 1117 4452; x_wconf 75' lang='lat' dir='ltr'>latter</span> <span class='ocrx_word' id='word_1_397' title='bbox 1134 4402 1202 4452; x_wconf 87' lang='lat' dir='ltr'>word</span> <span class='ocrx_word' id='word_1_398' title='bbox 1216 4403 1281 4454; x_wconf 81' lang='lat' dir='ltr'>atter</span> <span class='ocrx_word' id='word_1_399' title='bbox 1297 4417 1350 4453; x_wconf 82' lang='lat' dir='ltr'>coo-</span> 
     </span>
     <span class='ocr_line' id='line_1_42' title="bbox 199 4473 1169 4548; baseline 0.008 -24"><span class='ocrx_word' id='word_1_400' title='bbox 199 4478 257 4525; x_wconf 84' lang='lat' dir='ltr'>true</span> <span class='ocrx_word' id='word_1_401' title='bbox 265 4475 324 4541; x_wconf 80' lang='lat' dir='ltr'>only</span> <span class='ocrx_word' id='word_1_402' title='bbox 331 4474 360 4524; x_wconf 82' lang='lat' dir='ltr'>of</span> <span class='ocrx_word' id='word_1_403' title='bbox 367 4475 418 4525; x_wconf 77' lang='lat' dir='ltr'>AB.</span> <span class='ocrx_word' id='word_1_404' title='bbox 427 4475 477 4526; x_wconf 80' lang='lat' dir='ltr'>and</span> <span class='ocrx_word' id='word_1_405' title='bbox 484 4475 565 4526; x_wconf 83' lang='lat' dir='ltr'>Voss.</span> <span class='ocrx_word' id='word_1_406' title='bbox 596 4473 662 4526; x_wconf 70' lang='lat' dir='ltr'>vobo</span> <span class='ocrx_word' id='word_1_407' title='bbox 672 4475 694 4525; x_wconf 85' lang='lat' dir='ltr'>ia</span> <span class='ocrx_word' id='word_1_408' title='bbox 704 4481 751 4526; x_wconf 89' lang='lat' dir='ltr'>not</span> <span class='ocrx_word' id='word_1_409' title='bbox 798 4478 919 4532; x_wconf 63' lang='grc' dir='ltr'>ἀαααιήα.</span> <span class='ocrx_word' id='word_1_410' title='bbox 945 4481 990 4531; x_wconf 81' lang='lat' dir='ltr'>See</span> <span class='ocrx_word' id='word_1_411' title='bbox 1000 4497 1026 4548; x_wconf 86' lang='lat' dir='ltr'>p.</span> <span class='ocrx_word' id='word_1_412' title='bbox 1042 4492 1094 4546; x_wconf 86' lang='lat'>177,</span> <span class='ocrx_word' id='word_1_413' title='bbox 1107 4499 1133 4532; x_wconf 93' lang='lat' dir='ltr'>n.</span> <span class='ocrx_word' id='word_1_414' title='bbox 1148 4497 1169 4546; x_wconf 81' lang='lat'>3.</span> 
     </span>
    </p>
   </div>
   <div class='ocr_carea' id='block_1_9' title="bbox 0 12 1675 5070">
    <p class='ocr_par' dir='ltr' id='par_1_10' title="bbox 0 12 1675 5070">
     <span class='ocr_line' id='line_1_43' title="bbox 0 12 1675 5070; baseline 0 0"><span class='ocrx_word' id='word_1_415' title='bbox 0 12 1675 5070; x_wconf 95' lang='lat' dir='ltr'> </span> 
     </span>
    </p>
   </div>
  </div>
 </body>
</html>
