3276 5086
342 400 409 464 344
741 413 922 466 MORTALE
947 413 1091 467 CORPUS

212 588 265 628 us.
272 587 299 628 v.
342 566 438 645 mdes,
454 567 596 652 putam
612 567 673 652 ipsi
685 565 863 632 hereditate
882 567 1074 654 posidelsmt
1089 575 1220 636 νινεαυις
1244 565 1332 652 quusi
1349 565 1498 632 ¹haeredi·

195 635 310 721 egilii»
342 674 409 732 tete
423 668 618 754 possideatur
632 669 765 734 terrain
785 667 1232 757 regno,undeetsubstautin
1254 667 1356 732 earnis
1377 675 1496 732 nostrae

192 1011 302 1052 munus
412 935 456 1028 ’4.
576 937 631 1014 Ὡς
655 935 709 1009 οῦν
731 942 749 1020 ἡ
775 939 883 1036 νύμφη
903 947 1052 1030 γαμῆσαι
1078 940 1114 1009 ού
1136 936 1279 1022 δύναται,
1306 941 1494 1028 γαμηθῆναι

178 1057 312 1098 “llum
346 1045 381 1119 (li
410 1049 552 1134 δύναται,
580 1051 663 1121 ὅταν
693 1051 773 1144 ε’λθρ
803 1051 856 1120 καὶ
886 1051 1136 1150 ταραλύψηται
1167 1051 1266 1132 αύτην
1296 1051 1314 1119 ὁ
1345 1051 1495 1148 νυμφίος·

344 1159 430 1233 ούτω
449 1163 503 1232 καὶ
522 1167 540 1244 ἦ
558 1160 649 1260 σὰρξ
664 1161 734 1233 καθ’
755 1163 870 1244 ἑαυτὴν
889 1164 1068 1249 βασιλείαν
1087 1163 1175 1233 Θεοῦ
1191 1169 1435 1260 κληρονομῆσαι
1456 1163 1496 1232 οῦ

344 1271 487 1356 δύναται,
525 1278 803 1372 κληρονομηθῆναι
849 1273 884 1344 dl
918 1277 961 1351 sio
996 1275 1055 1358 τὴν
1091 1273 1270 1361 βασιλείαν
1307 1279 1371 1345 τοῦ
1405 1275 1497 1343 Θεοῦ

341 1382 485 1457 ύύναται.
546 1386 760 1484 Κληρονομεῖ
793 1384 861 1484 γὰρ
892 1389 910 1458 ὁ
943 1385 1006 1487 ζῦν
1038 1384 1082 1458 τὰ
1114 1392 1177 1458 τοῦ
1204 1387 1493 1468 τετελευτηκότος·

342 1497 396 1568 καὶ
415 1499 529 1596 ἕτερον
546 1497 605 1580 μέν
622 1499 696 1570 ἐστι
715 1496 758 1569 τὸ
775 1505 997 1596 κληρονομεῖν,
1019 1500 1134 1597 ἕτερον
1151 1495 1186 1567 di
1205 1501 1493 1596 κληρονομεῐσθαι.

339 1607 385 1679 ‘0
404 1607 463 1693 μὲν
483 1606 552 1706 γὰρ
570 1611 763 1709 ἆφηγεῖται,
780 1610 834 1682 καὶ
853 1612 994 1709 κυριεύει,
1015 1610 1068 1682 καὶ
1088 1609 1253 1690 διατίθησι
1271 1606 1316 1682 τὰ
1334 1616 1495 1710 κληρονο-

340 1722 493 1806 μούμενα,
531 1724 554 1816 ᾖ
586 1721 626 1793 ἄν
662 1721 759 1798 οὗτὸς
792 1725 953 1816 βουληθῇ·
1000 1721 1044 1794 τὰ
1082 1721 1116 1793 δὲ
1156 1721 1394 1804 ὑποτέτακται,
1436 1721 1493 1791 καὶ

340 1835 500 1918 ὑπακούει,
533 1833 587 1904 καὶ
617 1835 793 1933 κυριεύεται
828 1832 891 1905 ὑπὸ
924 1839 987 1904 τοῦ
1014 1837 1305 1932 κληρονομοῦντας.
1361 1833 1409 1903 Τι’
1436 1830 1493 1904 οῦν

339 1947 413 2018 ε’στι
434 1943 477 2018 τύ
498 1944 580 2046 (dm
610 1943 653 2018 τῦ
676 1945 812 2030 Πνεῦμα
831 1951 894 2018 τοῦ
915 1946 1010 2017 Θεοῦ.
1066 1947 1152 2016 Tira
1178 1943 1212 2016 δὲ
1229 1943 1274 2016 τὰ
1292 1941 1492 2042 ὑπάρχοντα

338 2063 402 2130 τοῦ
428 2059 725 2140 τετελευτηκότος;
751 2057 795 2130 τὰ
815 2059 899 2142 με’λη
924 2065 987 2130 τοῦ
1011 2059 1185 2158 ἀνθρώπου
1210 2054 1255 2128 τὰ
1285 2059 1492 2156 φθειρόμενα

338 2171 372 2239 ἐν
400 2173 443 2263 τῇ
472 2173 551 2262 735².
612 2169 733 2242 Ταῦτα
765 2169 800 2239 ‹li
827 2179 1080 2268 κληρονομεΐται
1110 2169 1173 2240 ὑπὸ
1197 2174 1260 2240 τοῦ
1279 2169 1487 2254 Πνεύματοε,

336 2283 594 2382 μεταφερόμενα
613 2285 656 2360 εἷς
674 2282 734 2365 τὴν
750 2283 929 2369 βασιλείαν
946 2287 1012 2352 τῶν
1030 2283 1179 2380 ούρανῶν.

401 2493 433 2557 4.
478 2489 523 2554 Et
537 2489 607 2556 ideo
621 2491 770 2555 mundum
785 2489 934 2576 templum
948 2511 1017 2555 esse
1030 2489 1104 2568 vult,
1119 2496 1155 2554 ut
1169 2487 1339 2554 delectetur
1354 2483 1491 2573 Spiritus

336 2591 398 2656 Dei
413 2591 445 2655 in
457 2612 504 2668 eo,
517 2593 776 2678 quemadmodum
787 2614 919 2677 sponsus
930 2592 971 2656 ed
983 2613 1139 2677 sponsam.
1164 2590 1253 2655 Siout
1267 2589 1363 2677 igitur
1374 2611 1491 2675 sponsa

334 2715 492 2759 essumere
505 2716 653 2780 sponsum
663 2717 725 2758 non
735 2702 848 2779 potest,
864 2695 979 2760 assumi
994 2703 1099 2759 eutem
1109 2715 1129 2758 o
1140 2715 1253 2779 sponso
1265 2699 1380 2778 potest,
1392 2715 1489 2779 quum

334 2797 451 2861 venerit
480 2804 514 2861 et
542 2797 697 2882 occeperit
722 2817 792 2860 eam
818 2817 968 2880 sponsus;
1001 2797 1047 2863 sio
1066 2805 1099 2861 et
1125 2817 1197 2862 earo
1224 2796 1292 2860 haeo
1317 2795 1489 2860 secundum

333 2897 479 2984 seipsam,
516 2898 548 2962 id
579 2905 628 2962 est
660 2898 737 2976 sole,
775 2919 906 2983 regnum
931 2897 993 2963 Dei
1027 2898 1210 2964 haereditste
1241 2897 1398 2984 possidere
1424 2919 1488 2962 non

334 3009 457 3088 potest:
488 3000 672 3064 haereditete
697 3007 802 3064 sutem
829 3000 980 3085 possideri
1006 3000 1039 3064 in
1065 3021 1204 3087 regnos
1230 3001 1350 3086 Spiritu
1371 3007 1486 3086 potest.

335 3101 532 3168 Heereditste
547 3101 630 3166 enim
644 3101 783 3187 possidet
803 3102 856 3189 qui
877 3103 952 3167 vivit
968 3126 1006 3169 es
1022 3125 1090 3189 quse
1106 3113 1179 3169 eunt
1192 3103 1325 3168 mortui:
1349 3112 1382 3168 et
1403 3102 1488 3168 eliud

335 3203 460 3290 quidem
474 3211 523 3268 est
537 3203 718 3270 haereditste
730 3205 896 3290 possidere,
912 3205 995 3270 eliud
1009 3213 1116 3270 eutem
1130 3204 1312 3270 haereditate
1325 3203 1486 3290 possideri.

336 3305 394 3371 Ille
414 3305 496 3370 enim
519 3305 705 3386 dominatur,
730 3315 763 3372 et
786 3315 908 3392 praeest,
933 3317 966 3372 et
989 3308 1126 3394 disponit
1151 3329 1189 3372 es
1212 3329 1281 3394 qum
1304 3307 1487 3373 haereditate

334 3407 483 3496 possidet,
509 3409 768 3494 quemadmodum
796 3413 862 3497 ipse
887 3411 978 3476 velit:
1005 3409 1057 3474 ills
1082 3432 1154 3476 vero
1181 3411 1322 3496 subjecte
1346 3417 1430 3488 sunt,
1453 3416 1487 3474 et

334 3513 493 3591 obediunt,
509 3520 542 3576 et
556 3511 754 3577 dominantur
774 3513 814 3577 sb
830 3535 877 3592 eo,
901 3521 935 3578 et
950 3513 1009 3577 sub
1025 3513 1162 3577 dominio
1177 3521 1251 3576 sunt
1265 3514 1333 3600 ejus
1348 3511 1401 3598 qui
1415 3533 1487 3596 pos-

334 3615 426 3680 sidet.
472 3614 554 3698 Quid
578 3614 674 3700 igitur
696 3623 746 3678 est
769 3615 851 3700 quod
875 3613 968 3678 vivit?
989 3613 1109 3679 scilieet
1132 3613 1266 3700 Spiritus
1290 3613 1362 3679 Dei.
1408 3613 1486 3694 Quae

334 3726 408 3783 sunt
422 3725 538 3795 sutem,
554 3737 624 3802 quse
638 3723 713 3780 sunt
727 3715 879 3780 ³mortuit
914 3715 1041 3781 Soilioet
1055 3717 1194 3782 membra
1208 3714 1352 3794 hominis,
1368 3737 1438 3801 quae
1453 3724 1487 3781 et

334 3830 572 3906 corrumpuntur
586 3819 619 3883 in
633 3825 727 3884 terra.
772 3818 853 3884 Haeo
868 3825 973 3883 sutem
993 3819 1190 3904 possidentur
1211 3841 1231 3884 s
1254 3818 1372 3904 Spiritu
1386 3825 1486 3884 trans-

334 3921 400 3986 late
413 3921 446 3984 iu
460 3943 590 4007 regnum
604 3920 763 3986 coelorum.
801 3919 935 4004 Propter
948 3921 1008 3986 hoo
1022 3927 1129 3985 sutem
1144 3929 1176 3986 et
1189 3919 1333 3986 Christus
1347 3929 1487 3985 mortuus
1499 3944 1525 3982 s.
1534 3946 1576 3985 uu

335 4031 395 4103 est,
409 4023 457 4088 uti
471 4031 691 4088 testamentum
708 4021 870 4109 Evangelii
889 4032 1041 4110 apertum,
1063 4031 1095 4088 et
1116 4025 1259 4090 universo
1279 4021 1396 4087 mundo
1410 4021 1487 4088 ⁴lee-

335 4133 414 4205 tum,
440 4123 573 4211 primum
598 4121 723 4210 quidem
745 4121 859 4188 liberos
883 4124 1000 4189 fuceret
1025 4145 1131 4190 servos
1154 4147 1247 4201 suos;
1281 4131 1353 4211 post
1377 4123 1488 4188 deinde

335 4229 475 4294 haeredes
489 4250 542 4294 eos
556 4227 759 4293 constitueret
774 4247 881 4292 eorum
896 4248 967 4313 quoe
981 4237 1087 4294 essent
1102 4229 1180 4316 ejus,
1192 4227 1376 4294 haereditote
1390 4225 1488 4312 possi-

385 4440 393 4473 1
413 4439 813 4504 On.ioeredt'tutem...tmam,und
824 4443 887 4494 lones
985 4444 997 4480 ⁸
1012 4447 1064 4498 An.
1078 4454 1180 4496 monus.

332 4521 437 4587 possidet
448 4523 490 4572 ted
499 4524 563 4572 from
574 4526 617 4574 the
627 4525 761 4590 preceding
771 4525 827 4576 line.
985 4525 997 4558 ⁴
1015 4533 1134 4590 αρενιιιυι,
1160 4527 1272 4588 ἐμφανές.
1311 4523 1490 4587 ἀνεγνωσμένον

385 4602 397 4636 ¹
412 4605 489 4665 ταύτῃ
500 4605 521 4654 is
532 4606 662 4657 osneelled.
936 4608 994 4656 bere
1005 4623 1064 4673 may
1074 4610 1105 4658 be
1116 4609 1207 4673 simply
1218 4608 1334 4672 αριιίιαιυ.
