3276 5086
545 422 651 476 suun
679 423 790 476 nunu
816 423 991 476 Possuuu.
1277 409 1345 474 333

189 579 297 639 rantes
317 573 464 638 virtutem
487 579 520 637 et
543 571 778 657 promissionem
806 572 878 650 Dei,
904 573 1119 640 contradicant
1146 596 1213 640 suae
1238 574 1342 652 saluti,
1385 598 1478 686 upplv.

191 675 380 762 impossibile
409 675 624 740 existimantes
656 697 748 762 posse
777 677 883 742 Deum
915 677 1118 742 suscitantem
1152 699 1282 764 corpora
1310 678 1341 742 in
1365 690 1488 778 ᾗῇἕέρ

191 779 413 866 sempiternum
428 777 707 863 perseverationem
726 779 772 844 eis
792 778 918 858 donare,
938 801 1002 844 nou
1021 789 1127 848 tamen
1144 780 1343 848 incredulitas
1401 783 1455 823 ¹¹·

1356 859 1499 872 *-

191 880 300 946 talium
315 880 477 946 evacuabit
491 879 583 945 fidem
598 880 670 946 Dei

603 1157 611 1170 .
672 1097 773 1164 OAP.
797 1098 859 1162 Vl.

190 1236 219 1314 I
218 1250 383 1334 uteprum
399 1250 432 1310 ct
449 1236 654 1334 perpituum
676 1235 866 1326 homiuem,
892 1251 1092 1338 conportet
1109 1237 1239 1314 anima
1260 1263 1341 1314 cou-

265 1365 418 1428 stuutem
445 1365 478 1428 at
507 1353 743 1450 conjunctum,
773 1354 914 1428 sulmm
930 1354 1050 1451 saciet
1080 1354 1193 1446 Deus,
1228 1381 1340 1453 quum

266 1495 349 1544 eum
389 1469 544 1544 Verbum
573 1470 792 1561 assumserit,
826 1484 858 1546 et
887 1471 995 1546 donis
1027 1470 1194 1570 Spiritus
1221 1470 1342 1550 suomi

266 1585 460 1676 ornaverit,
486 1586 587 1683 cujus
613 1613 771 1685 corpora
799 1599 923 1662 nostru
950 1587 1087 1686 templu
1114 1599 1197 1662 mut
1223 1600 1257 1661 ut
1283 1587 1340 1662 cli-

262 1714 401 1776 cuntur.

191 1853 221 1916 l.
247 1849 542 1915 Gnoarnrcnnrrua
559 1860 664 1918 autem
685 1853 797 1918 Deus'
789 1875 821 1916 m
838 1874 896 1918 suo
912 1853 1073 1940 plasmate,
1093 1853 1249 1918 conforme
1264 1851 1339 1918 illud
1352 1871 1456 1958 usp-kmi}
1466 1873 1494 1957 ρὰ

189 1963 223 2018 et
247 1958 452 2040 ¹consequens
466 1975 523 2018 suo
538 1977 633 2040 puero
647 1956 810 2041 adaptans.
856 1955 919 2020 Per
933 1977 1043 2020 manus
1058 1956 1144 2020 enim
1157 1955 1291 2035 ¹Patris,
1307 1955 1340 2020 id

189 2063 247 2135 est,
277 2078 333 2142 per
359 2055 475 2120 Filium
501 2065 535 2121 et
562 2057 771 2144 Spiritumfit
757 2059 888 2123 thorno
915 2059 1085 2123 secundum
1105 2055 1213 2123 similit
1214 2060 1340 2125 udinem

190 2157 261 2235 Dei,
291 2157 347 2222 sed
375 2179 438 2222 non
466 2181 539 2243 pars
568 2159 714 2226 hominis,
769 2160 888 2224 Anima
916 2168 1020 2225 autem
1051 2168 1083 2224 et
1113 2160 1241 2244 spiritus
1267 2183 1340 2246 pars

189 2260 324 2326 hominis
339 2281 407 2324 esse
429 2268 569 2344 possunt,
587 2261 680 2325 homo
701 2269 807 2325 autem
826 2281 1035 2346 nequaquam:
1059 2262 1213 2345 perfectus
1234 2272 1340 2327 autem

188 2363 282 2428 homo
304 2363 484 2428 commixtio
499 2371 532 2427 et
551 2363 691 2428 adunitio
711 2372 759 2428 est
778 2363 890 2428 animae
908 2363 1096 2428 assumentis
1117 2364 1260 2448 spiritum
1277 2365 1340 2444 Pa

188 2465 255 2541 tris,
271 2473 304 2529 et
318 2465 458 2528 admixta
472 2465 521 2529 ¹³ei
541 2467 636 2542 carni,
653 2487 723 2552 quac
737 2475 786 2530 est
801 2465 953 2550 plasmata
967 2466 1137 2529 secundum
1152 2465 1339 2552 ¹imaginem

188 2564 261 2628 Dei.
307 2564 441 2649 Propter
455 2566 538 2652 quod
552 2573 585 2629 et
601 2566 773 2650 Apostolus
788 2567 850 2630 ait:
876 2567 1068 2650 Sapientiam
1089 2565 1240 2652 loquimur
1259 2567 1340 2632 iuter
1353 2585 1417 2625 reor.
1428 2583 1476 2625 ιιι

181 2663 349 2750 perfectum·
377 2663 531 2746 perlectos
550 2663 657 2728 dicens
676 2686 730 2728 eos
752 2665 804 2749 qui
826 2673 1029 2749 perceperunt
1050 2665 1198 2750 Spiritum
1221 2661 1291 2743 Dei,
1306 2675 1340 2730 et

188 2763 350 2828 ¹⁵omnibus
364 2763 478 2850 linguis
500 2765 669 2850 loquuntur
688 2789 744 2853 per
764 2765 915 2852 Spiritum
935 2763 1006 2844 Dei,
1026 2766 1287 2852 quemadmodum
1307 2776 1338 2834 et

190 2959 193 2964 ,
237 2977 246 3008 ¹
263 2990 408 3039 omraeqttens.
437 2975 530 3025 Gmlt
541 2981 656 3040 suggests
666 2994 737 3038 τρασ-
787 2979 837 3039 γὰρ
854 2977 909 3035 ἡμῖν
923 2977 1048 3039 καὶμέχρι
1064 2977 1104 3025 νῦν
1121 2980 1260 3040 τροφητικὰ
1270 2982 1337 3041 χαρι·

188 3061 252 3119 ἣκαν,
273 3059 320 3106 but
336 3058 380 3106 the
393 3057 529 3106 translator·
542 3057 614 3106 could
630 3057 739 3122 aoeroely
787 3057 954 3117 σματάέστιν.
985 3057 1052 3108 leid.
1062 3059 1109 3120 308
1121 3071 1145 3107 Β.
1171 3057 1265 3120 (li.3r5
1279 3071 1338 3109 Β.-

187 3141 251 3189 have
273 3138 346 3188 sailed
372 3143 399 3186 to
424 3139 513 3186 render
537 3139 588 3187 this
609 3138 677 3186 word
704 3139 738 3203 by
787 3139 892 3200 tuatim,
916 3141 991 3198 ὁμὲν
1011 3141 1060 3201 γὰρ
1083 3141 1202 3202 λαμβάνει
1224 3143 1339 3191 συνέσεως

188 3223 330 3271 mutuamus.
368 3221 497 3270 ἀκόλουθον
510 3220 531 3268 is
544 3235 612 3270 more
629 3220 736 3268 natural.
787 3223 894 3280 πνεῦμα.
906 3222 1085 3270 ..ὁδὲὶιίσεωο
1105 3221 1195 3278 1Μὲ
1205 3235 1242 3286 39,
1254 3223 1336 3284 258A.

188 3305 239 3352 Au.
251 3302 386 3364 mosomum.
786 3301 872 3350 —ond
882 3301 920 3350 tlte
930 3301 1082 3365 mamus
1089 3301 1234 3364 evilapirits,
1247 3304 1286 3351 καὶ
1294 3305 1340 3363 τὴν

189 3411 192 3418 «
235 3383 378 3434 ¹Another
388 3388 454 3436 clear
463 3385 621 3434 mimnaeto
632 3384 674 3432 the
683 3383 738 3432 doc·
787 3381 831 3428 τοῦ
842 3380 955 3438 ὀνόματος
966 3381 1084 3440 ἰσχὺνκαὶ
1094 3380 1337 3442 τὰδαιμύνιατρέμει,

187 3465 252 3514 trine
263 3467 343 3514 nithe
356 3466 534 3516 Ever-Blessod
544 3465 649 3529 unnim.
684 3465 738 3513 uus
788 3461 1336 3524 ratctpepovefopnupos....trudam

190 3545 240 3594 Son
264 3547 314 3596 and
333 3547 411 3610 Spirit
427 3561 470 3596 ara
487 3547 514 3595 in
531 3546 575 3594 the
589 3561 660 3593 same
681 3559 738 3608 way
787 3543 856 3592 Iota
874 3555 912 3604 30,
928 3553 974 3602 247
991 3555 1013 3590 ο.
1058 3542 1097 3590 Oi.
1122 3542 1174 3590 also
1191 3541 1229 3603 76,
1250 3557 1295 3604 302
1312 3556 1336 3592 Α.

187 3627 269 3690 styled
279 3629 322 3676 the
338 3627 419 3677 laude
435 3629 463 3676 oi
475 3629 519 3676 the
534 3625 635 3687 Father,
650 3627 737 3686 above,
788 3626 828 3686 85,
842 3637 885 3684 3u1
901 3635 924 3671 α.
969 3623 1061 3686 again,
1081 3623 1124 3672 the
1139 3639 1208 3672 samo
1221 3625 1340 3674 iactsare

187 3724 230 3771 pp,
244 3723 299 3770 τινα,
314 3721 337 3768 5,
351 3709 401 3756 and
412 3709 486 3772 again
497 3713 524 3757 at
534 3725 559 3772 p.
573 3719 628 3769 445,
643 3708 674 3756 G.
788 3703 906 3768 appealed
923 3709 949 3752 to
960 3720 987 3752 aa
998 3709 1086 3768 pateat
1099 3710 1126 3754 to
1139 3706 1297 3754 observationi
1312 3711 1340 3755 at

237 3784 249 3817 ³
271 3787 365 3835 Gunuu
382 3788 405 3834 is
422 3803 510 3850 wrong
527 3788 553 3835 in
572 3788 679 3851 quoting
696 3788 739 3836 the
788 3785 883 3834 Romo:
901 3786 941 3832 καὶ
958 3786 983 3832 ἐν
999 3785 1032 3845 τῇ
1048 3785 1149 3848 ὑμετέρᾳ
1162 3787 1238 3846 πόλει,
1252 3788 1340 3836 πολλοὶ

189 3868 241 3916 AB.
255 3883 282 3916 aa
292 3868 387 3930 having
397 3867 426 3926 ei,
440 3868 461 3915 it
471 3868 492 3915 is
504 3869 622 3930 wanting.
788 3867 836 3914 τῶν
848 3866 968 3926 ἡμετέρων
980 3867 1110 3928 ἀνθρώπων
1120 3869 1168 3915 τῶν
1180 3869 1336 3929 Χριστιανῶν,

237 3947 249 3979 ⁴
265 3947 283 3996 J
286 3959 397 3996 numus
411 3947 449 3996 M.
468 3963 566 4012 quoque
580 3949 622 3996 lid.
638 3949 668 3997 ds
686 3949 738 3997 Rea.
789 3947 951 4007 ἐτορκΙζαντει
970 3949 1034 3994 κατὰ
1055 3949 1099 3995 τοῦ
1120 3949 1234 4006 ὀνόματος
1256 3949 1342 4008 Ἰησοῦ

192 4027 438 4091 (spuit.snc.11.1.
455 4028 518 4089 187),
538 4027 612 4077 dicit:
630 4029 674 4086 τὴν
691 4026 740 4076 ἀπὸ
790 4027 905 4088 Χριστοῦ,
925 4027 969 4074 τοῦ
986 4029 1163 4089 crematuros
1181 4031 1221 4077 ἐπὶ
1238 4031 1342 4078 Ποντίου

190 4111 252 4159 θεοῦ
268 4109 348 4172 σάρκα
359 4109 510 4158 ruscorum
525 4107 577 4156 κατ’
590 4108 670 4156 εἰκόνα
684 4109 739 4157 dau·
790 4109 906 4167 Πιλάτου,
922 4108 968 4156 inrd
983 4110 1031 4156 τῶν
1043 4109 1124 4158 ἄλλων
1137 4110 1233 4158 πάντων
1248 4111 1288 4158 καὶ
1300 4112 1340 4160 ἐτ-

188 4193 240 4242 ταΰ.
791 4190 871 4249 unvair
884 4189 924 4236 nat
942 4192 1117 4251 φαρμακευτῶν
1128 4191 1163 4250 μὴ
1178 4191 1287 4240 ludi-urat
1307 4193 1342 4241 id·

238 4271 249 4304 ¹
265 4271 284 4321 J
286 4282 365 4320 usum
381 4269 420 4320 M.
435 4269 544 4319 dechres
555 4269 674 4334 similarly
684 4269 741 4319 that
790 4287 872 4329 σαντα,
883 4271 923 4318 καὶ
930 4271 966 4318 ἔτι
974 4273 1014 4319 νῦν
1020 4273 1109 4330 ἰῶνται,
1120 4273 1295 4334 καταργοΰντιι
1302 4276 1342 4324 καὶ

189 4353 339 4404 musculosa
350 4367 446 4416 powers
456 4367 520 4400 were
534 4355 579 4399 not
591 4355 636 4415 yet
646 4351 742 4398 memet
791 4351 941 4401 ἐκδιώκοντιτ
957 4353 1012 4401 τοὺς
1028 4353 1174 4413 κατέχοντας
1187 4354 1241 4404 τοὺς
1256 4355 1344 4418 ἀνθρώ·

190 4434 345 4494 inhiatime,
359 4435 407 4482 τῶν
419 4434 523 4483 ἀπὸτοῦ
537 4433 652 4492 ὀνόματος
668 4433 742 4480 αἰτοῦ
791 4447 849 4480 τους
868 4431 986 4490 δαίμονας.
1022 4431 1095 4494 Apul.
1118 4443 1149 4482 11.
1169 4430 1194 4484 6.
1231 4434 1270 4485 (tf.
1291 4435 1343 4484 also

190 4516 230 4565 καὶ
240 4517 280 4564 νῦν
290 4515 437 4576 γιγνομένων
448 4515 574 4574 δυνάμεων.
599 4511 739 4574 Did-535,
790 4511 918 4560 Taunum
938 4512 1012 4574 Apol.
1028 4525 1067 4572 23,
1087 4512 1186 4564 Eusnn.
1205 4515 1240 4564 H.
1256 4515 1284 4564 Ε.
1300 4527 1340 4564 ua

191 4609 278 4658 ²54³„
292 4596 342 4645 and
359 4597 390 4644 he
406 4596 516 4660 specifica
528 4593 656 4658 prmdoep,
676 4597 743 4656 παρὰ
791 4593 886 4642 xxxvii.
901 4605 925 4642 v,
939 4594 998 4642 xvii.

292 4703 410 4747 vomu.
1199 4683 1238 4742 21
