3270 5080
321 411 387 478 268
656 424 706 476 nn
732 423 892 478 cnnrsuo
918 423 958 475 m
986 423 1128 476 onoma

181 587 283 672 fflfflll·
321 579 512 667 principibus
537 579 686 646 coelorum
713 579 834 668 aperire
861 587 996 644 aeternas
1025 587 1141 664 portas,
1177 586 1215 643 ut
1241 577 1377 644 introeat
1403 577 1479 643 Rex

184 679 278 766 GfflY·
321 681 439 770 gloriae,
463 683 721 748 resurrectionem
743 683 823 770 ejus,
844 703 914 768 quse
934 689 984 747 est
1006 702 1026 745 a
1047 681 1181 746 mortuis
1202 703 1258 768 per
1280 681 1419 758 Patrem,
1443 689 1480 745 et

170 771 297 858 iiiiii}
321 785 529 872 receptionem
540 785 573 850 in
584 785 680 852 coelos
693 793 957 872 praeconaverunt.
995 783 1035 848 In
1049 805 1087 849 eo
1100 791 1207 848 autem
1215 783 1300 870 quod
1310 783 1476 848 dixerunt:

158 893 311 973 ffi
322 891 353 952 A
369 911 481 954 summo
493 888 563 953 eoba
577 889 701 974 cyrenio
715 887 787 973 p‘ae,
803 897 832 952 et
845 909 983 952 occurnn
996 886 1060 971 ejus
1074 907 1166 972 usqae
1179 885 1225 950 cd
1236 907 1384 950 nemum
1398 885 1477 963 cmii,

159 958 286 1016 ⁹''¹'¹¹¹'‘
323 1001 352 1058 ct
371 1013 431 1056 non
450 1000 491 1056 est
510 991 565 1078 qui
583 1013 613 1056 ee
629 989 790 1055 abscondet
803 1013 824 1054 a
839 990 940 1056 celem
954 990 1038 1074 ejus,
1062 989 1209 1075 quoniam
1228 989 1299 1054 illuc
1317 997 1478 1053 assumtus

322 1101 382 1172 est,
402 1093 485 1158 unde
499 1100 532 1159 et
544 1091 716 1172 descendit,
736 1101 769 1158 et
787 1114 852 1158 non
869 1092 986 1177 estqui
1005 1093 1126 1178 justum
1141 1091 1295 1177 judicium
1314 1091 1381 1176 ejus
1400 1089 1478 1156 effu·

159 1219 191 1259 ra
201 1219 274 1260 min
284 1222 302 1260 ι.
321 1197 399 1284 giat,
414 1197 447 1262 id
460 1197 563 1283 ipsum
577 1197 813 1262 annuntiabant.
851 1196 896 1262 Et
910 1196 963 1283 qui
977 1195 1139 1261 dicebant:
1163 1195 1314 1260 Dmninne
1327 1195 1477 1279 repncoi't,

321 1299 497 1364 irascentur
510 1299 631 1386 populi,
647 1300 701 1386 qui
720 1299 815 1365 ¹acdet
832 1321 925 1386 asper
941 1297 1110 1376 Oiemdio,
1130 1305 1347 1363 commoneatur
1367 1305 1475 1370 terrac

321 1403 435 1488 partim
451 1402 576 1489 quidem
597 1423 678 1480 eam,
699 1424 769 1487 quae
790 1411 863 1488 post
882 1402 1107 1468 assumtionem
1125 1403 1194 1489 ejus
1212 1401 1296 1466 lacta
1315 1407 1365 1466 est
1382 1421 1478 1486 super

320 1505 443 1590 eosqui
463 1505 496 1569 in
513 1526 586 1570 eum
600 1505 807 1584 crediderunt,
830 1505 908 1570 iram
928 1505 969 1571 ab
989 1505 1132 1570 omnibus
1151 1503 1283 1591 populis,
1303 1511 1337 1568 et
1354 1511 1477 1567 motum

321 1607 472 1673 universes
492 1615 584 1672 terrae
604 1607 753 1672 adversus
773 1606 947 1674 Ecclesiam
967 1607 1214 1694 prophetabant;
1237 1605 1351 1691 partim
1370 1615 1478 1670 autem

322 1709 464 1776 veniente
477 1731 516 1775 eo
530 1709 569 1776 de
583 1709 673 1776 eoelis
686 1731 758 1774 cum
779 1710 898 1798 angelis
911 1710 1036 1776 virectis
1054 1712 1133 1797 ejus,
1151 1708 1337 1776 commoveri
1356 1707 1478 1774 univer-

156 1831 287 1915 ppuulv·
323 1833 391 1878 sam
410 1821 536 1892 temam,
557 1813 817 1899 quemadmodum
836 1814 903 1900 ipse
920 1813 984 1879 ait:
1009 1815 1103 1878 'Erit
1118 1822 1212 1878 umen
1230 1821 1325 1876 owine
1341 1832 1479 1897 mapnne,

159 1935 286 1982 aaran
322 1915 495 2002 mendenen
510 1915 829 2001 eetsactnsudinitio.
876 1917 923 1982 Et
941 1939 1048 1982 rursus
1065 1917 1150 1982 ineo
1165 1937 1236 1982 cum
1250 1915 1347 1981 dicit:
1370 1913 1479 1993 ³ch-

321 2020 391 2106 quie
400 2018 575 2104 yiedieutcr,
597 2041 636 2084 ao
654 2019 781 2086 adverso
799 2019 916 2092 udatetr
946 2029 975 2086 et
994 2021 1129 2107 quicquat
1142 2019 1342 2105 justificetur,
1364 2037 1478 2104 cappro

315 2121 447 2208 pinquet
457 2143 558 2207 puero
571 2121 655 2194 Deir
679 2129 722 2200 et,
746 2121 800 2186 Vce
814 2121 902 2200 vedu,
922 2123 1066 2209 qiwniam
1083 2143 1181 2187 omnes
1196 2121 1382 2186 vamensi
1400 2120 1480 2184 sien

157 2245 280 2293 marin.
321 2224 535 2302 vestimentum,
557 2232 585 2289 et
605 2224 686 2289 tinec
704 2223 834 2290 comedet
852 2247 923 2296 eos,·
947 2233 990 2302 et,
1010 2223 1225 2288 humiliabitur
1238 2223 1333 2287 onmis
1347 2241 1428 2300 cero,
1449 2231 1479 2286 et

320 2323 506 2390 munitur
518 2325 670 2390 Dominus
683 2326 779 2391 ⁴oolne
788 2327 823 2390 in
833 2325 1008 2400 eicientem
1032 2326 1236 2413 significatur,
1248 2325 1393 2410 quoniam
1404 2333 1478 2409 post

320 2427 497 2514 passionem
521 2434 571 2494 ⁵et
592 2429 816 2494 assumtionem
840 2451 948 2495 omnes
971 2429 1024 2515 qui
1048 2437 1157 2494 contra
1176 2449 1249 2493 eum
1270 2428 1396 2492 luerunt
1417 2427 1479 2492 sub

320 2529 452 2614 pedibus
468 2532 539 2617 ejus
560 2531 705 2618 subjiciet
726 2530 824 2609 Deus,
848 2539 881 2596 et
900 2531 967 2618 ipse
985 2553 1079 2618 super
1098 2551 1207 2596 omnes
1225 2528 1422 2608 exaltabitur,
1444 2537 1479 2594 et

320 2653 413 2697 nemo
427 2632 488 2696 erit
501 2631 555 2719 qni
566 2633 755 2719 justificetur
768 2642 824 2698 aut
838 2641 1033 2719 comparetur
1046 2632 1087 2698 ad
1101 2655 1184 2698 cum.

156 2756 304 2843 &aaran
388 2737 419 2799 5.
453 2733 498 2799 Et
517 2733 573 2820 qui
593 2734 712 2813 dicunt,
735 2734 956 2820 dispositurum
979 2735 1084 2800 Deum
1106 2735 1343 2800 Testamentum
1364 2755 1479 2799 norum

323 2835 510 2914 hominibus,
520 2857 583 2902 non
592 2835 852 2922 quemadmodum
860 2837 1013 2923 disposuit
1024 2837 1164 2924 patribus
1175 2837 1208 2902 in
1216 2841 1339 2902 ⁶monte
1349 2835 1476 2910 Horeb;

156 2951 223 3038 ἔξω
224 2962 297 2993 xxxxx
298 2955 312 2992 ι
325 2945 358 3002 st
379 2958 433 3002 cor
454 2959 577 3017 novum,
600 2946 633 3002 et
651 2937 794 3024 spiritum
815 2961 930 3004 novum
949 2941 1022 3006 darc
1040 2939 1232 3006 hominibus:
1256 2947 1290 3005 et
1304 2959 1419 3016 rursus,
1434 2937 1482 3004 El

157 3045 274 3130 Ξῗιῐβῑίῑῑ·
285 3047 308 3086 ¹⁹
323 3039 453 3124 antiqua
474 3040 565 3106 coelite
584 3049 729 3126 reputare
739 3065 750 3114 ,·
781 3063 845 3106 ecce
854 3043 944 3126 secio
965 3064 1053 3120 noca,
1069 3064 1140 3129 quw
1162 3043 1260 3107 'nmio
1279 3042 1426 3118 orientur,
1451 3051 1480 3106 a

320 3141 438 3206 anun:
462 3143 622 3226 etfaciam
636 3143 669 3206 in
684 3141 798 3208 deserto
812 3145 905 3223 mom,
926 3154 954 3210 et
968 3147 1003 3210 in
1017 3156 1102 3212 terre
1117 3146 1264 3231 inaquosa
1270 3145 1417 3229 flumine,
1435 3143 1482 3208 eol

314 3243 486 3329 potandum
499 3264 593 3328 penita
609 3243 742 3324 eleotm
751 3247 902 3333 populum
915 3270 1115 3335 menapum
1128 3248 1288 3335 acquisivi,
1306 3257 1341 3312 ut
1355 3247 1480 3310 mantea

320 3366 401 3409 mena
421 3356 565 3420 emerem
590 3369 660 3432 quae
681 3355 730 3414 est
748 3349 819 3414 novi
836 3350 1030 3417 Testamenti
1051 3351 1187 3430 libertas,
1212 3351 1293 3416 hanc
1315 3348 1478 3415 mnrrifeste

157 3461 217 3502 una
226 3461 255 3500 ιι.
263 3462 286 3506 17
319 3445 556 3528 annuntiabant,
572 3458 605 3514 et
616 3471 729 3515 novum
741 3451 847 3522 vinum
862 3453 945 3540 quod
960 3453 992 3517 in
1003 3475 1099 3518 novos
1109 3461 1196 3519 utres
1206 3451 1352 3530 mittitur,
1368 3451 1478 3516 ⁸lidem

320 3573 390 3640 quse
404 3561 453 3618 eet
468 3552 501 3616 in
513 3553 649 3635 Christo,
662 3561 742 3643 ⁸qua
754 3559 950 3624 annuntiavit
964 3567 1065 3624 ortam
1076 3559 1109 3624 in
1123 3580 1226 3625 eremo
1240 3557 1322 3622 viam
1334 3555 1477 3644 justitiae,

158 3672 279 3716 mit-e
319 3663 352 3724 et
366 3655 400 3720 in
414 3663 498 3722 terra
512 3657 663 3745 inaquosa
682 3659 812 3726 flumina
827 3661 963 3748 Spiritus
976 3663 1088 3742 sancti,
1107 3662 1265 3748 adaquare
1283 3679 1384 3748 genus
1397 3657 1478 3724 elec·

369 3889 447 3942 ¹Ass.
460 3892 552 3942 sedeci
565 3895 653 3955 cedens,
669 3896 832 3956 ὁκαθήμενος.
872 3923 875 3930 «
924 3901 1063 3963 Againthe
1074 3899 1155 3950 father
1166 3899 1285 3948 indicates
1299 3896 1478 3947 cumulantia

368 3971 380 4004 ¹
395 3974 448 4023 The
465 3975 557 4024 author
575 3976 663 4026 blenda
678 3977 757 4028 Matt.
777 3978 844 4028 xxiv.
861 3989 873 4040 7
924 3983 949 4032 in
961 3983 1004 4032 the
1015 3983 1132 4044 Hebron,
1145 3982 1247 4046 writlng
1259 3981 1288 4030 in
1301 3979 1434 4038 minimis,
1449 3979 1476 4027 in

319 4053 369 4103 me
381 4069 420 4104 τι.
924 4065 972 4114 neu
984 4065 1158 4124 oscinem,
1177 4065 1216 4114 te.
1230 4063 1324 4114 urina
1342 4063 1381 4112 for
1401 4061 1474 4112 nin.

368 4133 448 4184 ⁸The
471 4135 559 4185 LXX.
583 4137 629 4186 has
651 4137 687 4187 τίς
706 4138 719 4187 d
741 4139 874 4200 κρινόμενός
972 4145 1295 4207 laammrimeemomnoe,
1310 4145 1473 4206 An.,Mune.

319 4233 376 4276 pou
393 4217 520 4278 &filim
532 4235 581 4276 lwt-
614 4219 680 4268 ’Ῑδοὺ
696 4219 783 4281 Κύριος
797 4223 871 4270 κ.τ.λ.
923 4239 970 4287 Π.;
987 4226 1092 4275 omitted
1103 4226 1157 4288 On,
1165 4226 1246 4276 Voee.

320 4297 373 4346 The
383 4297 455 4346 cario
466 4297 532 4345 lectio
543 4299 587 4347 has
598 4299 724 4364 evidently
736 4301 800 4349 risen
809 4301 874 4350 from
971 4307 983 4340 θ
998 4315 1082 4368 mom,
1095 4309 1158 4368 Δις
1174 4308 1280 4356 omitted
1292 4307 1346 4367 On,
1354 4305 1434 4354 Vnae.

320 4378 364 4426 the
374 4377 490 4436 Hebron,
504 4379 586 4428 where
597 4381 640 4429 the
652 4381 741 4429 Sacred
753 4381 818 4430 Text
828 4382 874 4431 has
972 4387 983 4420 ⁷
999 4389 1050 4437 An.
1064 4403 1129 4436 nnnc
1140 4387 1313 4450 comparetur!

318 4455 362 4510 'nn
377 4447 440 4534 ’itu
462 4459 491 4523 n
512 4433 574 4530 uie
591 4448 641 4524 cu
654 4449 756 4537 *ceco
773 4437 874 4528 inane
971 4475 1094 4526 antiss
1107 4477 1476 4540 retainspereontrsrytothe

321 4555 346 4604 e.
360 4555 486 4602 marsus
500 4556 558 4603 rem
570 4543 635 4631 *inre
655 4533 759 4631 peip,
922 4559 1057 4622 testimony
1067 4558 1198 4618 ornrss.;
1215 4575 1271 4621 pia,
1286 4559 1340 4618 on,
1354 4559 1414 4616 aa,
1427 4557 1476 4605 sus

288 4658 292 4668 ·
368 4635 460 4684 ⁴eolua
470 4635 575 4683 omitted
588 4635 614 4682 in
627 4635 670 4684 the
685 4637 784 4687 Carnu.
799 4653 871 4700 copy.
923 4637 973 4686 Gn.
986 4652 1075 4698 qinom
1089 4637 1170 4685 Voss.
1182 4639 1257 4687 omits
1269 4639 1312 4686 the
1322 4637 1431 4686 relative.
