3334 5070
627 457 675 510 ss
701 458 825 512 nouus
851 457 960 514 nnus.
1310 439 1375 509 135

220 613 335 679 Deum.
381 613 446 680 Hio
468 613 552 679 enim
576 614 629 700 qui
651 613 868 734 judicialis,
842 636 869 679 sr
892 637 955 681 non
980 620 1013 680 et
1038 615 1139 679 bonus
1161 613 1213 694 sit,
1237 635 1301 679 non
1326 621 1376 680 est
1412 633 1465 720 unp.
1475 634 1515 674 m.

220 717 352 796 Deus,¹
360 719 433 805 quia
450 718 538 783 Deus
559 740 621 783 non
643 727 702 796 est,
727 719 777 785 eui
799 719 922 785 bonitas
943 719 1043 785 desit:
1067 727 1100 785 et
1121 719 1172 784 ille
1194 741 1300 784 nusns
1322 717 1374 806 qui
1388 681 1486 814 Gffi'lg?
1487 708 1543 814 'pfpt

219 821 371 898 bonus‚'
345 844 372 886 sr
387 844 450 886 non
465 830 497 887 et
508 821 674 907 judicialis,
695 821 779 887 idem
794 822 877 910 quod
891 823 942 888 hio
963 823 1108 909 patietur,
1123 831 1160 888 ut
1173 821 1372 888 auferatur'
1345 846 1373 888 er
1423 831 1472 860 ω·
1482 822 1501 860 ³

1389 900 1539 911 —.-——

219 946 259 990 ne
273 925 316 990 sit
331 926 429 990 Deus.
474 925 742 1008 Quemadmodum
760 934 866 992 autem
880 934 913 991 et
930 925 1102 1012 sapientem
1122 925 1230 990 dieunt
1246 926 1376 990 Patrem

220 1033 369 1112 omnium,
396 1033 506 1097 sinon
528 1041 561 1097 et
581 1031 728 1118 judiciale
749 1032 778 1098 ei
801 1031 980 1120 assignanti
1025 1032 1059 1097 Si
1082 1032 1165 1097 enim
1185 1031 1319 1118 sapiens,
1342 1039 1375 1098 et

220 1137 367 1221 probator
389 1143 455 1211 est;
482 1135 639 1222 probatori
662 1144 768 1200 autem
791 1137 899 1200 subest
917 1134 1076 1222 judiciale,
1100 1133 1247 1221 judiciale
1269 1143 1375 1200 autem

219 1239 396 1324 assequitur
416 1238 550 1325 justitia,
575 1246 611 1302 ut
630 1239 717 1324 juste
739 1239 866 1324 probet;
892 1239 1015 1324 justitia
1037 1245 1185 1324 provocat
1206 1237 1372 1324 judicium:

216 1341 369 1428 judicium
387 1351 504 1421 autem,
524 1363 594 1406 unm
615 1343 652 1406 fit
672 1363 744 1406 cum
760 1341 892 1428 justitia,
911 1341 1103 1406 transmittet
1120 1340 1162 1404 ad
1179 1339 1374 1425 sapientiam.

222 1443 383 1530 Sapientia
396 1444 491 1532 igitur
505 1445 662 1532 praeesllet
675 1445 773 1510 Pater
786 1466 878 1531 super
892 1465 1016 1509 omnem
1030 1443 1199 1508 humanam
1211 1449 1244 1508 et
1258 1443 1374 1531 angeli-

221 1567 291 1612 oam
305 1547 500 1634 sapientiam,
522 1547 668 1633 quoniam
689 1547 854 1627 Dominus,
876 1556 909 1613 et
920 1547 1029 1633 judex,
1050 1556 1082 1611 et
1093 1547 1208 1633 justus,
1229 1555 1263 1612 et
1276 1547 1375 1612 domi-

220 1659 312 1716 nator
325 1673 419 1738 super
432 1673 550 1717 omnes.
597 1651 659 1717 Est
673 1652 756 1718 enim
770 1658 803 1717 et
822 1653 932 1730 bouus,
949 1658 982 1715 et
996 1649 1179 1731 misericors,
1195 1658 1227 1716 et
1241 1651 1373 1736 patiens,

220 1761 254 1819 et
272 1754 371 1819 salvat
390 1777 468 1840 quos
487 1761 624 1841 oportet:
655 1777 756 1842 nequo
777 1756 893 1820 bonum
917 1754 946 1820 ei
973 1753 1078 1820 definit
1098 1758 1111 1796 ²
1113 1755 1199 1840 juste
1219 1754 1374 1833 effectum,

220 1879 320 1945 neque
339 1858 493 1944 sapientia
514 1858 742 1924 deminoratur:
764 1858 864 1924 salvat
882 1858 966 1924 enim
981 1879 1059 1944 quos
1079 1858 1321 1936 deberemus,
1342 1867 1375 1924 et

217 1963 339 2049 judicat
353 1963 465 2051 dignos
476 1963 610 2050 judicio:
633 1984 733 2049 neque
744 1962 865 2048 justum
880 1961 1000 2028 immite
1014 1961 1197 2042 ostenditur,
1217 1970 1376 2048 praeennte

220 2066 339 2132 scilieet
353 2075 386 2132 et
400 2067 595 2151 praecedente
609 2067 760 2132 bonitate.

287 2172 318 2234 3.
364 2168 425 2252 Qui
439 2168 535 2256 igitur
552 2169 650 2234 solem
668 2191 760 2233 suum
775 2167 848 2234 oriri
864 2167 940 2234 lauit
961 2169 1104 2234 omnibus
1125 2168 1260 2256 benigne
1275 2169 1374 2250 Deus,
1390 2187 1451 2230 um
1461 2199 1480 2228 v·
1490 2189 1521 2228 ⁴⁵·

221 2281 254 2338 et
268 2271 347 2360 pluit
360 2295 453 2358 super
463 2272 567 2358 justos
581 2280 614 2337 et
628 2271 771 2358 injustos,
788 2271 942 2358 judicabit
955 2293 1019 2350 eos,
1032 2272 1086 2358 qui
1100 2294 1141 2337 ex
1157 2293 1248 2358 aequo
1266 2273 1375 2361 benig-

221 2377 351 2442 nitatem
373 2379 441 2464 ejus
465 2375 680 2462 percipientes,
706 2396 769 2440 non
792 2374 948 2440 ³similiter
972 2375 1141 2440 secundum
1163 2375 1376 2462 dignationem

221 2479 444 2546 munerationis
464 2482 532 2567 ejus
546 2479 720 2544 conversati
742 2486 831 2554 sunt;
855 2477 962 2543 sedin
981 2477 1099 2542 deliciis
1114 2485 1146 2541 et
1160 2477 1290 2542 luxuriis
1309 2500 1376 2543 ver-

221 2583 282 2648 sati
307 2591 381 2648 sunt
406 2583 554 2648 adversus
575 2581 820 2648 benevolentiam
842 2583 920 2668 ejus,
942 2581 1045 2646 adhue
1070 2588 1103 2646 et
1124 2581 1376 2669 blasphemantes

222 2709 303 2767 eum,
319 2687 372 2774 qui
386 2694 476 2752 tanta
489 2686 639 2752 beneficia
653 2685 686 2752 in
701 2707 755 2752 eos
769 2685 889 2752 iecerit.

683 2897 784 2963 cAP.
807 2897 902 2962 XLI.

315 3035 633 3130 Quemadmodum
653 3035 857 3135 relipiosior
873 3037 985 3112 Pluto
1003 3061 1115 3137 quum
1131 3037 1291 3114 heretici

686 3155 903 3231 ostendatur.

121 3335 199 3377 osu.
288 3309 420 3390 Qurnns
451 3306 622 3394 religiosior
647 3305 741 3370 Plato
771 3305 954 3384 ostenditur,
985 3306 1037 3392 qui
1060 3303 1193 3371 eundem
1215 3305 1320 3371 Deum
1342 3315 1375 3372 et

218 3411 339 3497 justum
361 3419 394 3476 et
414 3413 530 3477 bonum
554 3411 714 3475 consessus
736 3417 795 3488 est,
825 3409 991 3474 habentem
1014 3417 1203 3497 potestatem
1225 3410 1373 3491 omnium,

309 3571 411 3644 Ο
373 3605 432 3658 μεν
457 3571 495 3656 dn
523 3571 667 3657 θεὸς,“
642 3603 755 3671 ωσπερ
780 3571 833 3642 καὶ
860 3575 878 3643 ὁ
905 3570 1047 3650 παλαιὸς
1071 3573 1312 3672 λόγος,αρχῆν
1335 3605 1537 3660 repausetur

222 3687 276 3758 rui
308 3687 466 3769 τελευτην
503 3719 557 3757 και
582 3687 670 3770 μέσα
699 3689 764 3757 τῶν
796 3687 898 3758 ὄντων
924 3687 1079 3758 ἁπάντων
1113 3687 1205 3783 ἔχων,
1231 3666 1418 3757 4εὐθεῖανΠ

221 3840 323 3926 ipsum
337 3841 502 3907 facientem
513 3841 715 3929 judicium,
690 3863 736 3908 sm
755 3841 879 3907 dicens:
911 3841 973 3906 ‘El
986 3841 1070 3906 Deus
1084 3841 1215 3927 quidum,
1232 3841 1375 3930 quomad-

221 3944 342 4009 modum
356 3953 384 4009 οι
402 3955 485 4010 uetur
503 3965 598 4010 somno
621 3955 672 4024 est,
688 3946 824 4025 initium,
842 3954 870 4010 ot
882 3945 989 4027 fluam,
1009 3954 1038 4010 et
1058 3945 1227 4010 medietates
1241 3945 1376 4010 omnium

271 4107 280 4138 ¹
300 4109 333 4157 So
345 4109 452 4158 0111an
463 4125 533 4174 says:
552 4110 574 4158 ol
592 4111 710 4172 δὲ.ἔτερον
721 4109 775 4159 θεὸν
824 4125 863 4172 qu.
877 4111 909 4171 τῇ
919 4109 963 4158 τοῦ
974 4109 1064 4158 δικαίου
1075 4109 1189 4172 ἐνεργείᾳ.

223 4193 355 4254 φάσκοντες
372 4195 440 4255 παρὰ
456 4193 499 4243 τὸν
515 4193 664 4255 δημιουργὸν,
685 4195 774 4243 δίκαιον
873 4188 884 4222 ³
901 4191 993 4250 ὁμοίως,
1007 4189 1226 4254 corrupoudiuyly.

221 4276 266 4334 μὲν
277 4273 350 4323 αὐτὰν
357 4276 461 4336 θέλουσι,
471 4275 511 4322 καὶ
518 4276 560 4322 οὐκ
568 4273 667 4336 ἀγαθὸν,
679 4275 774 4338 σφόδρα
873 4271 884 4304 ⁴
902 4275 993 4322 εὐθεῖαν
1004 4272 1111 4335 (γνώμην
1120 4273 1172 4336 aa).
1192 4273 1330 4324 suranus
1337 4273 1375 4324 in·

222 4359 345 4408 ἰδιωτικῶς
362 4359 413 4418 ἅμα
430 4358 471 4406 rnl
488 4359 582 4420 ἀσεβῶς
593 4357 735 4418 ἐνεχθέντες,
750 4359 775 4406 ἐν
823 4355 986 4419 terpretation
1003 4371 1051 4404 can
1064 4355 1153 4421 hardly
1163 4356 1244 4417 stand,
1262 4357 1376 4407 hornus

221 4442 257 4500 τῷ
273 4441 381 4502 χωρίζειν
398 4441 546 4499 δικαιοσύνην
558 4440 716 4500 ἀγαθότητος,
734 4441 774 4488 καὶ
823 4437 906 4486 reddit
923 4443 991 4486 mota
1009 4439 1114 4502 peragit,
1130 4453 1171 4501 eyn
1182 4437 1273 4502 fortan
1290 4439 1375 4489 melius

222 4523 365 4582 ἀγοθότητα
376 4522 434 4584 δίχα
445 4523 599 4582 δικαιοσύνης.
623 4519 702 4570 iulis.
711 4521 770 4582 i.17.
824 4519 937 4580 divertas,
950 4525 1018 4568 reeta
1028 4520 1118 4583 pergit.

270 4603 351 4653 ’ome
368 4605 477 4664 τάγαθὸν
497 4604 577 4652 λείπει
597 4605 662 4664 αὐτῷ
680 4604 774 4653 δικαίως
873 4601 953 4651 ⁸Tho
971 4602 1063 4665 Orphio
1085 4603 1210 4666 nagnam
1232 4603 1325 4666 quoted
1341 4602 1375 4666 by
1473 4631 1478 4636 ·

221 4685 355 4746 γενόμενον.
375 4687 425 4734 ΑΒ.
438 4686 553 4735 however
563 4684 677 4747 basjusti
684 4685 771 4747 plenu,
824 4683 1307 4748 Procluserprsssesasimilurtheology.
1319 4685 1376 4732 Ζεὺς
