3334 5070
491 387 574 442 snm
599 389 735 444 eanum
762 389 1069 444 nuunnuaurunr.
1283 375 1347 442 101

199 576 275 644 ρους
304 547 514 633 οἰκειότητος,
548 551 591 626 εἷς·
624 550 744 649 φιλίαν
768 550 822 620 καὶ
852 551 1008 634 ὁμόνοιαν
1032 547 1108 627 τοὺς
1133 547 1347 647 ἀμφοτέρους
1359 565 1511 650 ΠΜᾶῐ-ιὶτ»

199 670 411 751 συναγαγεῖν·
446 661 501 732 καὶ
537 661 614 752 θεῷ
642 660 702 746 μὲν
737 671 955 761 παραστῆσαι
988 661 1049 736 τὸν
1082 659 1264 761 ἄνθρωπον,
1293 661 1349 732 ἂν·
1365 658 1507 746 Ἥξέἓῑῖἶ·

199 773 343 868 θρώποις
369 771 404 843 di
430 775 588 873 γνωρίσαι
618 773 679 850 τὸν
708 775 803 846 θεόν.
1361 751 1512 840 Eli-⁷...

198 959 470 1042 domesticitatem,
494 965 528 1028 in
552 964 723 1030 amicitiam
746 973 780 1029 et
804 964 1000 1032 concordiam
1022 973 1170 1051 utrosque
1192 963 1350 1040 reducere,

200 1066 249 1128 ¹et
260 1064 373 1144 facere,
384 1075 420 1131 ut
434 1075 467 1132 et
482 1067 570 1134 Deus
584 1077 756 1133 assumeret
767 1068 935 1146 bominem,
945 1077 977 1133 et
985 1068 1078 1133 homo
1089 1068 1259 1132 sedederet
1270 1066 1349 1132 Deo.
1405 1147 1406 1152 ἵ

201 1167 271 1248 Qua
281 1168 364 1232 enim
373 1169 493 1234 ratione
504 1171 638 1235 filiorum
649 1171 826 1258 adoptionis
837 1172 904 1258 ejus
913 1171 1082 1257 participes
1095 1191 1164 1236 esse
1178 1189 1349 1256 possemne,

198 1269 260 1334 nisi
279 1291 335 1354 per
350 1270 468 1336 Filium
490 1293 560 1337 earn
574 1295 644 1359 quae
662 1281 711 1339 est
729 1273 772 1338 ad
791 1273 893 1358 ipsum
911 1273 1136 1358 recepissemus
1151 1273 1193 1338 ab
1211 1293 1249 1338 eo
1267 1293 1351 1337 com·

198 1374 388 1454 munionem,
410 1377 470 1443 uisi
489 1379 616 1443 verbum
638 1380 708 1465 ejus
724 1379 987 1444 communicasset
1005 1379 1096 1444 nobis
1116 1399 1191 1444 caro
1211 1377 1350 1442 factumi

200 1477 397 1563 Quapropter
410 1488 443 1545 et
457 1484 529 1564 ²per
542 1501 668 1545 omnem
681 1481 768 1546 venit
780 1489 918 1556 atatem,
934 1481 1078 1546 omnibns
1096 1480 1265 1546 restituens
1280 1497 1352 1544 eam

199 1601 270 1664 qnae
284 1588 333 1646 eet
347 1581 386 1646 ad
403 1581 507 1648 Deum
521 1583 781 1648 communionem.
819 1583 922 1670 igitur
936 1583 989 1669 qui
1004 1583 1112 1648 dicunt
1125 1603 1197 1648 eum
1212 1581 1352 1667 putative

198 1683 441 1764 manifestatum,
456 1707 556 1772 neque
567 1686 600 1750 in
614 1707 707 1752 carne
719 1695 837 1766 natum,
853 1707 954 1773 neque
965 1707 1037 1752 vere
1051 1686 1208 1750 hominem
1222 1685 1350 1766 lactum,

198 1784 301 1850 adhuc
322 1787 381 1850 sub
395 1787 491 1852 veteri
507 1797 580 1852 sunt
595 1787 806 1868 damnatione,
821 1787 1071 1855 ⁸advocationem
1085 1787 1261 1872 praebentes
1280 1807 1351 1870 pec-

199 1895 281 1965 cato,
298 1909 361 1952 non
378 1889 500 1954 devicta
520 1891 690 1956 secundum
712 1913 767 1956 eos
788 1898 900 1968 morte,
925 1912 995 1976 quae
1019 1889 1159 1975 regiravit
1183 1887 1222 1953 ab
1245 1889 1351 1954 Adam
1364 1909 1493 1952 aonam

199 2011 290 2075 raeque
303 1991 349 2054 od
358 1991 500 2074 Μοροιιιι,
511 1993 602 2056 etalem
616 1995 650 2056 in
664 1995 777 2079 eosqui
792 2015 851 2057 ιιοιι
860 2000 1065 2080 ροοοοοινιιιιι
1075 1991 1110 2054 in
1123 1989 1353 2054 similitudinem

199 2095 442 2179 trompresrr'onir
455 2095 546 2159 Ado.
592 2095 734 2161 Veniens
753 2104 859 2161 autem
875 2097 936 2173 lex,
952 2117 1022 2180 quae
1036 2094 1111 2159 data
1125 2102 1174 2158 est
1188 2115 1244 2180 per
1261 2093 1353 2180 Moy-

199 2217 276 2272 sem,
306 2205 339 2262 et
368 2198 541 2263 testificans
566 2199 605 2264 de
629 2209 768 2283 peccato,
791 2200 939 2284 quoniam
968 2205 1113 2284 peccator
1139 2205 1198 2274 est,
1221 2219 1353 2284 regnum

200 2293 325 2378 quidem
347 2297 415 2382 ejus
436 2297 576 2375 abstulit,
598 2297 750 2362 latronem
772 2306 805 2361 et
830 2319 894 2362 non
915 2319 1021 2384 regem
1043 2318 1115 2360 enm
1137 2296 1297 2380 detegens,
1320 2304 1352 2360 et

106 2483 108 2491 k
199 2395 389 2464 homicidam
404 2419 475 2464 eum
491 2399 649 2464 ostendit:
673 2397 830 2464 *oneravit
844 2407 950 2464 autem
966 2399 1124 2464 hominem
1144 2397 1198 2482 qni
1217 2395 1354 2461 habebat

199 2508 363 2585 peccatum
378 2500 410 2564 in
425 2522 469 2578 se,
482 2522 570 2564 reum
584 2501 695 2564 mortis
709 2501 877 2566 ostendens
891 2523 973 2566 eum.
1010 2499 1167 2586 Spiritalis
1181 2499 1265 2563 enim
1282 2519 1353 2562 cum
1368 2517 1470 2559 nomn
1481 2520 1510 2560 rr

200 2601 251 2667 lex
272 2611 365 2684 esset,
388 2603 598 2668 manifestavit
621 2605 837 2668 tantummodo
856 2612 1030 2689 peccatum,
1049 2624 1112 2668 non
1130 2611 1238 2668 autem
1258 2601 1354 2666 inter-

199 2705 294 2768 emit:
333 2704 506 2769 nonenim
535 2703 666 2790 Spiritui
695 2703 912 2770 dominabatur
940 2713 1113 2790 peccatum,
1138 2704 1195 2768 sed
1223 2701 1353 2768 homini.

201 2807 375 2892 Oportebat
395 2806 478 2872 enim
497 2828 570 2871 eum
592 2806 646 2894 qui
670 2805 821 2892 inciperet
841 2807 982 2872 occidere
1002 2816 1175 2891 peccatum,
1196 2815 1230 2872 et
1243 2807 1354 2872 mortis

198 2931 286 2973 rcum
315 2909 465 2974 redimere
494 2909 662 2988 hominem,
692 2909 724 2974 id
747 2909 849 2994 ipsum
871 2909 938 2974 fieri
968 2909 1141 2996 quoderat
1164 2908 1225 2988 ille,
1249 2909 1353 2974 idest

199 3010 375 3076 hominem:
407 3011 459 3098 qui
488 3033 509 3076 a
537 3019 666 3097 peccato
692 3011 818 3097 quidem
843 3011 876 3075 in
905 3011 1065 3076 servitium
1092 3019 1212 3076 tractus
1240 3011 1351 3088 fuerat,

199 3135 219 3178 a
239 3121 339 3177 morte
359 3133 432 3177 vero
446 3113 620 3190 tenebatur,
640 3120 676 3177 nt
690 3121 853 3198 peccatum
870 3113 911 3177 ab
925 3112 1050 3178 homine
1070 3113 1304 3191 interficeretur,
1320 3119 1353 3176 et

194 3287 332 3389 Ὥσπερ
360 3287 429 3389 γὰρ
454 3287 506 3360 διὰ
527 3297 584 3372 τῆς
611 3298 778 3388 παρακοῆς
803 3295 867 3362 τοῦ
890 3287 958 3367 ἑνὸς
981 3289 1163 3388 ἀνθρώπου,
1183 3295 1246 3362 τοῦ
1264 3289 1353 3388 πρῶ-
1361 3313 1517 3413 ffifflssl

201 3435 265 3482 ποις
278 3405 312 3474 e'rr
325 3411 385 3496 γῆς
400 3400 612 3502 ἆνεργᾶσπον
626 3403 872 3486 πεπλασμένον,
886 3403 1082 3502 ἁμαρτωλοὶ
1096 3397 1354 3484 κατεπόθησαν

201 3585 295 3651 homo
319 3585 419 3651 exiret
440 3606 461 3650 a
481 3592 590 3650 morte.
638 3585 906 3668 Quemadmodum
927 3585 1011 3651 enim
1033 3607 1088 3670 per
1112 3583 1355 3650 inobedientiam
1385 3614 1389 3624 ·

201 3690 294 3757 unius
308 3689 453 3768 bominis,
464 3689 517 3775 qui
533 3689 652 3774 primus
666 3689 706 3753 de
719 3697 804 3753 terra
817 3689 900 3754 ⁶rudi
916 3688 1087 3774 plasmatus
1102 3695 1161 3766 est,
1177 3695 1357 3772 peccatores

250 3863 262 3896 ¹
279 3864 383 3914 totam
392 3870 467 3913 team
476 3879 494 3912 α
505 3863 585 3914 Grrcco
598 3863 700 3912 maltum
710 3862 754 3912 boc
804 3861 891 3913 reader
904 3865 931 3910 to
947 3861 986 3910 bis
1001 3865 1061 3910 note
1075 3875 1107 3908 on
1121 3859 1245 3919 decemo,
1258 3875 1284 3923 p.
1296 3873 1354 3924 429,

201 3946 251 3996 lom
262 3945 389 4007 dlacrrpct,
400 3961 428 3994 αο
438 3944 663 4008 πἰῑανπΙκιιιρσα
670 3945 754 3992 matth>
806 3943 838 3993 G.
869 3942 995 4006 Probably
1009 3942 1053 3992 the
1067 3941 1137 3990 word
1153 3940 1270 3990 auvam
1285 3941 1355 3990 there

204 4027 290 4078 Codice
299 4043 365 4088 ιιιιιι,
373 4027 561 4088 supplerentur}
571 4025 704 4088 erinperto
711 4041 755 4076 ruo
805 4029 944 4090 represents
955 4023 1093 4087 προστάτις,
1104 4038 1121 4071 α
1127 4031 1260 4085 patrnam.
1286 4023 1355 4072 Here

196 4108 290 4172 fecitte.
322 4107 405 4158 Gracc
418 4105 482 4156 enim
496 4105 634 4154 inecaret
646 4106 754 4170 ριαιιίαα
804 4108 848 4156 the
864 4106 920 4155 idea
932 4105 1007 4170 being
1024 4103 1150 4168 evidently
1163 4105 1220 4153 that
1236 4103 1265 4152 ol
1280 4103 1355 4153 domi·

201 4207 248 4240 em
257 4191 299 4239 οἶα
308 4189 422 4240 dubitem
432 4205 468 4239 rrae
476 4189 534 4238 uiuit
545 4189 610 4239 ἱοοιιι
618 4190 755 4252 parallelus
805 4188 871 4247 αιόα,
891 4187 933 4235 the
956 4185 1024 4234 word
1046 4184 1205 4247 προστασίαν,
1228 4184 1356 4246 (rendered

202 4271 275 4334 infr-o
281 4287 306 4334 p.
316 4285 371 4333 333,
376 4271 407 4320 G.
415 4271 458 4320 ubi
465 4271 550 4320 itidem
556 4271 586 4320 de
595 4269 755 4321 Olrr'rtodr‘or'·
804 4269 840 4333 by
850 4269 893 4317 the
903 4267 1039 4318 translator
1049 4268 1075 4316 in
1086 4267 1119 4316 its
1129 4266 1235 4315 lorensic
1245 4281 1316 4316 sense
1330 4267 1359 4316 of

201 4359 256 4403 tur:
265 4351 752 4416 HominibusqnidemortendeneDeum,
802 4349 957 4413 patronoue)
972 4347 1054 4398 would
1070 4348 1126 4412 gire
1141 4363 1158 4396 a
1173 4363 1234 4411 very
1250 4347 1372 4398 euitable.

202 4431 258 4482 Dco
269 4437 353 4482 autem
364 4432 482 4481 exhibens
492 4432 626 4481 homiuem.
650 4431 752 4482 Gulae.
804 4431 930 4495 meaning.
956 4431 993 4480 Cf.
1010 4445 1019 4480 r
1024 4445 1062 4494 30,
1076 4445 1102 4480 n.
1118 4442 1140 4493 7.

251 4513 396 4564 ’servm
409 4525 427 4562 1.
440 4529 465 4577 p.
479 4528 534 4576 33⁰·
854 4511 1000 4576 4ἑβιίρννεν.

251 4593 263 4628 ⁸
279 4595 464 4646 mmmmm.
500 4596 595 4646 Graan
615 4595 691 4646 refers
712 4596 755 4646 the
855 4593 867 4625 ⁸
882 4594 950 4643 rudi.
990 4594 1043 4644 The
1065 4593 1172 4658 existing
1197 4591 1275 4642 MSS.
1298 4589 1358 4640 read
