3292 5068
635 349 755 406 utvus
779 349 934 405 Passus.
1315 333 1357 400 61

205 566 312 584 ·······
325 511 463 613 Τρανῶς
489 513 660 599 σημαίνων,
690 515 745 586 ὅτι
774 512 810 586 ὃν
838 513 1006 613 πρότερον
1033 509 1120 582 Θεὸν
1150 511 1358 611 ἐφοβεῖτο
1341 543 1360 582 o
1396 523 1451 608 Ηῇ
1459 521 1502 607 91

204 625 468 720 Κορνήλιος,
428 658 489 698 τον
531 621 587 731 ov]
613 624 665 697 lad
685 631 748 698 τοῦ
766 627 866 710 νόμον
884 625 938 696 »cai
962 630 1029 696 τῶν
1049 628 1237 768 prpoqliruu
1261 655 1361 706 κατη-
1379 612 1525 704 irusiirii

205 749 312 835 Xelw,
351 738 456 810 &tv
428 772 470 811 mv
523 733 578 844 0¹¹]
611 739 665 810 Kal
697 737 759 816 Τὰς·
794 738 1057 822 ἐλεημοσύνας
1041 737 1156 820 GTOlk'l,
1184 737 1281 812 ovTot
1309 737 1393 857 d‘ll’lG
1378 783 1524 792 —-·-·-

207 852 410 935 dupliciae*
390 885 464 924 εστι
486 852 579 929 θεός.
628 851 777 922 'Eletus
803 849 906 922 δὲ’
855 883 954 942 αντῳ
991 855 1009 933 »5
1038 881 1100 922 τον
1086 849 1205 920 Yiou
1230 854 1423 941 γνῶσις.Μ
1375 867 1423 905 0²¹
1394 824 1509 916 mie¹l¹

206 1055 354 1142 quoniam
369 1077 462 1142 quem
474 1063 568 1121 antea
583 1056 687 1121 Deum
702 1055 834 1122 timebat
847 1055 1019 1134 Oomelius,
1035 1076 1128 1142 quem
1143 1077 1199 1142 per
1212 1055 1314 1142 legem
1328 1063 1362 1121 et

206 1161 376 1250 prophetas
390 1163 542 1242 audierat
559 1170 685 1250 propter
705 1183 797 1247 quem
811 1169 844 1227 et
867 1160 1078 1247 eleemosynas
1098 1160 1241 1238 faciebat,
1262 1159 1313 1225 hic
1329 1159 1362 1223 in

207 1266 339 1332 veritate
353 1274 403 1332 est
416 1266 514 1332 Deus.
543 1267 661 1332 Deerat
671 1273 777 1330 autem
788 1263 959 1354 01¹[Fifii]
976 1263 1107 1352 agnitio.
1137 1263 1271 1348 Propter
1279 1262 1362 1348 quod

207 1369 341 1455 adjecit.
374 1369 431 1435 Vos
449 1371 530 1434 scitis
547 1370 627 1456 quod
639 1372 763 1455 sautum
781 1377 822 1432 ast
841 1366 964 1432 carlum
980 1391 1043 1454 per
1065 1389 1178 1432 ommam
1202 1366 1361 1432 Judoeau.
1353 1389 1453 1480 ,re-epp

207 1471 364 1557 Iuoipiom
378 1473 456 1536 euim
470 1495 491 1536 a
509 1473 642 1536 Galilaea
647 1480 716 1559 post
725 1470 902 1557 baptismum
916 1469 1361 1557 quodprmrliaaoitJolauaes,

207 1575 315 1638 Josum
328 1597 349 1638 a
364 1574 533 1651 Nazareth,
553 1574 800 1660 quamudnmdum
820 1573 908 1638 omit
925 1595 993 1638 aum
1016 1573 1101 1637 Deus
1119 1574 1244 1659 Spimtu
1262 1581 1363 1636 summo

209 1687 238 1742 at
251 1678 383 1743 uirtute:
406 1679 469 1765 ipsa
490 1679 633 1742 circuivit
655 1676 840 1762 lmaJ‘aoiam
861 1685 889 1742 at
910 1699 1022 1742 aarum
1042 1699 1139 1741 omues
1155 1677 1209 1764 qui
1232 1677 1364 1763 oppressi

209 1791 299 1846 eram
321 1805 342 1846 a
357 1781 484 1860 diabol»,
502 1783 645 1868 quonium
664 1781 749 1846 Deus
770 1789 838 1846 arat
857 1803 925 1845 cum
945 1803 984 1845 eo.
1028 1779 1072 1844 El
1085 1801 1137 1845 uos
1151 1789 1233 1844 tostas
1246 1779 1364 1844 'samus

208 1886 342 1949 ommium
356 1905 459 1949 corma
473 1885 627 1971 qutafhoit
642 1893 670 1948 at
680 1885 714 1948 iu
728 1885 847 1970 rupious
857 1883 1050 1962 Judmorum,
1061 1893 1089 1948 ot
1102 1884 1137 1947 iu
1151 1883 1361 1947 Hierusalem:

209 2009 297 2074 qaam
321 1989 537 2073 interfecerim
562 1988 768 2075 suspendentes
792 1989 827 2052 ia
852 1987 942 2074 liam
985 1987 1079 2052 Hmm
1107 1987 1193 2052 Deus
1221 1987 1363 2052 recitauit

209 2091 303 2154 tortia
328 2091 388 2168 die,
413 2099 441 2154 at
466 2089 550 2155 dedu
574 2113 641 2156 eum
663 2091 857 2175 mmtisestum
870 2091 959 2172 fiori,
984 2111 1044 2154 mou
1068 2090 1149 2154 mumi
1165 2089 1289 2176 populo,
1313 2089 1367 2154 aad

209 2193 329 2260 »mum
349 2193 432 2258 uolis
445 2195 675 2280 praedestinatos
694 2215 716 2258 a
737 2193 812 2271 Deo,
833 2193 972 2279 quicum
997 2215 1029 2258 ao
1055 2201 1083 2258 at
1103 2193 1363 2270 manducavimus,

210 2305 239 2361 at
253 2295 378 2362 lilimus
385 2305 454 2382 past
467 2297 714 2362 resurrectionum
727 2319 749 2360 a
763 2297 899 2362 murtam.
934 2296 979 2360 Et
986 2297 1138 2382 precept»
1150 2296 1231 2360 aalr's
1245 2317 1365 2360 memma

210 2399 292 2462 tiara
308 2398 423 2485 populo
449 2407 477 2464 ot
502 2400 667 2482 ludificari,
692 2399 834 2484 quoniam
856 2399 919 2484 insa
938 2407 980 2462 ast
997 2399 1236 2484 praedestinatus
1258 2419 1280 2461 a
1298 2397 1365 2462 Deo

210 2501 315 2566 duma
328 2502 466 2568 olooouom
480 2511 508 2566 al
528 2511 725 2566 mortuoram.
766 2501 848 2564 Huic
874 2521 971 2564 omaus
987 2499 1144 2586 propiata
1167 2500 1366 2564 testimouium

210 2603 353 2680 redarum,
376 2605 576 2669 remissionom
591 2612 786 2692 pausaturum
805 2603 942 2688 occinere
961 2624 1023 2689 per
1045 2622 1150 2666 uomm
1173 2601 1236 2686 apim
1252 2623 1366 2667 ommam

210 2705 378 2770 aradattam
392 2707 516 2773 iaamu.

279 2812 308 2876 9.
354 2807 472 2873 Filium
487 2831 562 2897 ergo
581 2805 643 2874 Dei
664 2829 756 2894 quem
772 2805 958 2894 ignorabant
972 2805 1123 2887 homines,
1138 2803 1366 2872 annuntiabant

213 2910 370 2998 Apostoli,
386 2919 418 2977 et
432 2912 599 2977 adventum
614 2911 691 2997 ejus,
708 2911 758 2976 his
780 2909 833 2996 qui
853 2917 927 2975 ante
944 2910 1087 2977 instructi
1103 2919 1192 2977 erant
1214 2912 1254 2976 de
1273 2909 1363 2987 Deo;

213 3015 269 3080 sed
288 3036 351 3080 non
374 3015 507 3080 alterum
534 3015 638 3080 Deum
661 3013 844 3080 inferebant.
890 3013 925 3079 Si
943 3013 1028 3079 enim
1050 3013 1113 3080 tels
1134 3013 1253 3099 aliquid
1271 3014 1366 3080 sciret

214 3117 340 3198 Petrus,
360 3117 456 3183 libere
475 3117 622 3206 gentibus
644 3117 854 3203 praedicasset,
873 3117 1005 3182 alterum
1028 3116 1154 3202 quidem
1171 3117 1365 3198 aeduorum,

213 3220 346 3286 alterum
370 3229 476 3286 autem
498 3220 746 3287 Christianorum
767 3241 837 3285 esse
859 3219 980 3295 Deum;
1014 3219 1067 3306 qui
1092 3220 1218 3308 quidem
1241 3230 1368 3308 propter

215 3323 366 3388 visionem
387 3322 490 3411 angeli
511 3323 672 3388 conterriti
692 3343 810 3401 omnes,
830 3322 1034 3410 quodcunque
1051 3323 1098 3388 eis
1113 3323 1254 3403 dixisset,
1270 3325 1368 3390 credi·

214 3425 343 3491 dissent.
391 3425 443 3490 Ex
465 3426 568 3492 verbis
587 3434 693 3490 autem
718 3425 805 3490 Petri
823 3425 1022 3492 manifestum
1042 3435 1101 3506 est,
1124 3427 1269 3514 quoniam
1288 3451 1367 3515 prae-

214 3527 375 3615 cognitum
390 3529 516 3617 quidem
531 3529 576 3594 eis
593 3528 696 3593 Deum
717 3528 894 3608 custodivit,
912 3529 1030 3595 Filium
1047 3537 1153 3596 autem
1172 3531 1233 3596 Dei
1254 3531 1278 3595 J
1279 3553 1367 3596 esum

216 3631 376 3699 Ohristum
390 3655 459 3700 esse
472 3633 661 3700 testificatus
681 3642 731 3699 est
750 3633 837 3718 ipsis,
858 3633 997 3720 judicem
1017 3636 1156 3701 vivorum
1176 3643 1209 3702 et
1231 3645 1367 3701 mortuo·

215 3758 295 3814 nnn,
317 3737 351 3800 in
371 3759 463 3820 quem
484 3744 517 3801 et
531 3737 679 3823 baptizari
695 3757 750 3802 eos
760 3737 856 3822 jussit
871 3737 904 3801 in
918 3738 1132 3803 remissionem
1148 3741 1365 3822 peccatorum:

216 3845 249 3901 et
263 3858 327 3900 non
340 3845 464 3901 tantum
476 3837 547 3916 hoo,
562 3839 618 3904 sed
632 3847 665 3904 et
680 3838 704 3904 J
706 3861 793 3905 esum
809 3839 911 3926 ipsum
926 3861 995 3904 essa
1012 3839 1129 3902 Filium
1144 3837 1205 3902 Dei
1220 3838 1366 3904 testifica

216 3947 269 4004 tus
283 3947 342 4016 est,
358 3939 411 4026 qui
426 3947 459 4004 et
478 3949 593 4006 unctus
609 3941 729 4026 Spiritu
743 3951 863 4023 sancto,
879 3942 903 4007 J
904 3963 977 4007 esus
992 3941 1134 4007 Christus
1155 3941 1277 4008 dicitur.
1323 3941 1369 4008 Et

216 4050 265 4107 est
279 4039 331 4108 hic
354 4041 438 4106 idem
452 4063 493 4108 ex
510 4042 616 4108 Maria
629 4052 731 4123 natus,
748 4045 1006 4133 quemadmodum
1024 4043 1112 4110 Petri
1127 4043 1267 4110 continet
1279 4045 1368 4110 testi-

216 4143 333 4211 ficatio.
378 4144 435 4209 An
456 4143 608 4229 numquid
625 4145 793 4231 perfectam
808 4156 883 4214 tunc
897 4146 1108 4235 cognitionem
1123 4148 1260 4214 nondum
1274 4149 1368 4216 habs·

216 4249 271 4314 bet
298 4247 424 4327 Petrus,
448 4269 542 4336 quam
566 4255 677 4334 postea
700 4249 923 4316 adinvenerunt
944 4251 999 4317 hit
1043 4251 1248 4338 Imperfectus
1273 4253 1369 4342 igitur

217 4353 387 4420 secundum
410 4351 469 4416 hos
493 4349 619 4433 Petrus,
642 4349 815 4437 imperfecti
834 4361 939 4417 autem
959 4361 992 4418 et
1013 4354 1122 4440 reliqui
1149 4355 1313 4443 Apostoli:
1336 4366 1369 4424 et

317 4555 325 4586 ¹
343 4555 413 4617 Filii,
432 4571 460 4605 aa
472 4553 518 4616 ΡΙ,
530 4554 650 4604 abscrbsd
661 4554 686 4602 in
698 4553 744 4603 ul.
843 4553 855 4586 ¹
869 4569 959 4617 ramea,
977 4557 1082 4607 omitted
1097 4559 1131 4623 by
1148 4559 1270 4612 urnam.
