3334 5070
317 395 382 460 148
737 405 792 458 nx
816 401 1051 458 nvnuannns

174 585 279 670 mdiv·

158 678 294 765 ‘Midili
803 709 905 776 0Ap,
929 707 994 774 111,

195 772 244 810 ltu

317 883 480 960 Osteesio
514 883 612 984 qteod
641 911 715 984 per
754 881 806 956 M
804 909 922 982 oysem
964 877 1155 980 Maiestatis
1185 905 1365 954 sermones
1397 877 1470 954 sint

395 999 542 1077 Christi.
606 999 800 1100 Eapositio
829 997 1022 1098 parabola
1050 996 1191 1072 Dicitis
1224 1010 1257 1071 et
1285 995 1471 1096 pauperis

388 1119 535 1195 Lazari.

320 1335 348 1397 l.
392 1332 561 1413 Quomsn
585 1337 691 1396 autem
708 1325 812 1414 Moysi
831 1325 929 1392 literae
945 1325 1038 1390 verba
1055 1323 1120 1389 sint
1136 1322 1263 1402 Christi,
1285 1321 1352 1408 ipse
1369 1323 1415 1388 ait
1429 1321 1469 1388 ad
1483 1341 1506 1381 s.
1518 1343 1565 1386 err.

317 1433 459 1510 Jndaeos,
484 1431 744 1519 quemadmodum
767 1429 930 1494 Johannes
954 1429 987 1492 in
1012 1426 1183 1514 Evangelio
1211 1436 1470 1492 commemoratus

153 1561 269 1608 sonsa
318 1545 384 1600 est:
405 1537 443 1599 Si
466 1535 665 1598 credidissetis
685 1533 797 1617 Moysi,
819 1533 1019 1596 credidissetis
1040 1539 1068 1596 et
1090 1531 1185 1594 taidi:
1209 1529 1247 1594 de
1264 1551 1310 1593 nee
1325 1529 1404 1594 enim
1418 1530 1470 1594 illo

153 1609 183 1652 ⁴⁷'
317 1639 447 1724 scripsit.
485 1638 524 1701 Si
537 1645 638 1701 aetem
652 1635 738 1700 iit-ies
752 1635 848 1700 literis
856 1657 914 1699 roa
926 1633 1059 1711 creditis,
1075 1637 1084 1675 ¹
1096 1657 1189 1722 aeque
1203 1633 1277 1698 meis
1290 1633 1470 1699 ternionibus

317 1742 453 1806 credet-ie.
499 1739 757 1804 Manifestissime
776 1738 956 1824 significans
973 1737 1078 1825 Moysi
1098 1737 1204 1802 literas
1225 1759 1300 1802 suos
1317 1759 1385 1802 esse
1406 1761 1469 1803 ser-

317 1867 434 1910 mones.
490 1843 577 1930 Ergo
600 1843 627 1907 si
649 1841 764 1928 Moysi,
783 1852 816 1908 et
837 1841 1024 1926 reliquorum
1045 1841 1113 1906 sine
1132 1840 1226 1904 dubio
1250 1841 1470 1926 prophetarum

315 1967 475 2010 sermones
489 1946 587 2032 ipsius
599 1953 681 2022 sunt,
694 1944 953 2029 quemadmodum
966 1941 1254 2008 demonstravimus.
1299 1943 1343 2006 Et
1358 1942 1470 2007 iterum

318 2047 385 2136 ipse
401 2049 555 2112 Dominus
570 2047 706 2113 ostendit
721 2047 883 2111 Abraham
900 2045 1015 2110 dixisse
1031 2045 1118 2109 diviti
1134 2045 1173 2109 de
1185 2045 1235 2109 his
1246 2045 1400 2123 omnibus,
1417 2045 1468 2132 qui

156 2167 256 2208 suasu.
266 2169 296 2207 ³¹-
317 2153 419 2217 adhuc
433 2161 521 2217 erant
536 2151 568 2215 iu
583 2152 663 2216 vita:
686 2153 723 2214 Si
740 2151 842 2235 Moysi
856 2161 885 2215 et
892 2149 1050 2235 prophetes
1065 2148 1348 2226 sordiditatem
1362 2149 1389 2212 si
1404 2150 1471 2235 quis

315 2277 340 2318 a
354 2256 477 2320 mortuis
491 2276 648 2341 recurrens
664 2254 710 2318 ad
722 2253 789 2317 illos
803 2263 861 2330 eet,
878 2253 1016 2316 2credeat
1031 2253 1070 2317 ei.

385 2362 415 2424 2.
440 2358 512 2422 Non
527 2368 631 2423 autem
656 2357 792 2421 fabulam
812 2355 918 2420 retulit
934 2354 1025 2420 nobis
1048 2355 1192 2441 pauperis
1206 2362 1239 2419 et
1259 2353 1382 2429 divitis;
1414 2355 1470 2420 sed

318 2463 451 2548 primum
475 2463 599 2550 quidem
621 2463 727 2528 docuit
751 2460 906 2525 neminem
928 2468 1069 2544 oportere
1092 2457 1211 2524 deliciis
1236 2457 1412 2543 utiusque
1436 2458 1469 2521 in

317 2567 507 2632 secularibus
530 2565 765 2632 oblectamentis
787 2573 819 2629 et
841 2563 947 2627 multis
967 2561 1065 2647 epulis
1084 2563 1242 2648 degentes,
1269 2561 1383 2626 serviro
1405 2561 1469 2626 suis

156 2687 206 2726 Lue-
216 2687 258 2727 κνῆ.
268 2687 297 2727 1⁹.
317 2669 537 2755 voluptatibus,
553 2678 585 2734 et
600 2668 737 2735 oblivisci
754 2667 867 2733 Deum.
904 2667 989 2731 Erat
1004 2667 1092 2743 enim,
1106 2665 1217 2752 inquit,
1233 2665 1325 2742 dices,
1338 2667 1392 2752 qai
1407 2688 1469 2729 ees-

317 2771 449 2836 tiebatar
457 2793 636 2857 purpuram
652 2780 679 2836 et
691 2769 815 2853 hyssera,
830 2779 857 2833 et
871 2768 1095 2834 ⁸delectabotur
1105 2768 1203 2854 epatis
1215 2768 1391 2854 splendidis.
1419 2769 1469 2833 De

156 2893 237 2934 nura.
247 2895 275 2934 re.
318 2871 433 2936 talibus
447 2879 597 2936 autemst
616 2894 672 2958 per
688 2871 815 2935 Esaiam
830 2870 910 2934 dixit
926 2870 1080 2955 Spiritus:
1105 2872 1182 2934 Oam
1199 2871 1335 2950 citharis,
1351 2881 1379 2934 et
1394 2881 1469 2955 tym-

311 2975 417 3059 panis,
434 2983 463 3038 et
478 2974 647 3059 psalteriis,
669 2983 697 3038 et
717 2973 798 3038 tibiis
817 2973 922 3036 riuum
942 2972 1062 3038 dibeat:
1085 2995 1178 3059 opera
1202 2983 1302 3038 aetem
1325 2975 1390 3038 Dei
1411 2998 1469 3039 aen

317 3077 484 3154 intuertur,
515 3087 544 3141 et
565 3099 658 3162 opera
680 3098 827 3140 manuam
849 3077 912 3161 ejus
937 3099 996 3141 reon
1021 3077 1218 3141 tormideront.
1265 3076 1314 3142 Ne
1339 3100 1414 3165 ergo
1437 3078 1469 3142 in

318 3179 448 3244 eandem
463 3201 587 3266 poenam
602 3202 672 3244 cum
688 3179 914 3259 hisveniamus,
924 3181 1017 3244 finem
1029 3201 1134 3244 eorum
1145 3181 1282 3246 ostendit
1295 3181 1466 3259 Dominus;

317 3281 410 3348 simul
425 3283 614 3369 significans,
630 3285 713 3368 quod
729 3284 908 3349 obedientes
925 3284 1030 3371 Moysi
1046 3292 1079 3349 et
1093 3285 1252 3372 prophetis
1263 3286 1424 3351 crederent
1436 3287 1469 3350 in

319 3405 390 3449 eum
407 3407 499 3472 quem
515 3385 572 3470 ipsi
588 3387 810 3471 praedicassent
826 3387 886 3452 Dei
904 3387 1031 3466 Filium,
1044 3387 1098 3474 qui
1112 3389 1280 3453 resurrexit
1294 3411 1314 3453 a
1328 3389 1468 3466 mortuis,

318 3493 351 3551 et
362 3486 457 3550 vitam
474 3487 564 3553 nobis
574 3488 679 3566 donat,
690 3497 722 3553 et
734 3489 927 3554 demonstret
942 3511 982 3554 ex
994 3511 1057 3554 una
1071 3491 1247 3555 substantia
1256 3513 1325 3556 esse
1338 3491 1468 3569 ‘omnia

319 3588 351 3653 id
380 3597 429 3654 est
456 3589 629 3668 Abraham,
654 3599 687 3654 et
712 3590 869 3676 Moysem,
894 3599 927 3656 et
950 3591 1128 3677 prophetas,
1153 3592 1250 3656 etiam
1277 3593 1379 3678 ipsum
1404 3593 1469 3657 Do·

318 3691 437 3756 minum
460 3691 513 3776 qui
534 3691 702 3757 resurrexit
725 3713 744 3756 a
764 3693 904 3770 mortuiS,
929 3693 961 3756 in
985 3715 1078 3779 quem
1092 3695 1223 3758 credunt
1245 3703 1277 3759 et
1303 3695 1392 3761 multi
1417 3695 1469 3781 qui

318 3807 392 3864 sunt
406 3821 445 3863 ex
468 3798 711 3873 circumcisione,
728 3798 779 3882 qui
797 3805 829 3862 et
853 3799 999 3883 Moysem
1019 3805 1051 3862 et
1066 3798 1233 3885 prophetas
1247 3799 1378 3864 audiunt
1392 3822 1470 3886 prae-

318 3901 459 3968 dicantes
487 3901 654 3966 adventum
686 3901 759 3965 Filii
784 3901 853 3966 Dei.
901 3901 962 3981 Qui
985 3908 1092 3964 autem
1110 3907 1288 3986 ⁵spernunt,
1310 3903 1350 3967 ab
1373 3903 1471 3968 altera

156 4027 223 4066 coros
234 4025 246 4064 r.
258 4027 286 4066 rs
318 4005 495 4070 substantie
508 4027 563 4069 eos
574 4025 643 4070 esse
654 4003 772 4078 dicunt,
783 4023 882 4087 neque
895 4003 1134 4090 primogenitum
1144 4014 1336 4070 mortuorum
1345 4006 1468 4080 sciunt;

318 4107 486 4193 separatim
499 4106 657 4170 Christum
673 4105 891 4192 intelligentes,
915 4113 1075 4193 tamquam
1094 4106 1315 4193 impassibilem
1330 4129 1470 4192 perseve-

367 4259 378 4292 ¹
396 4260 440 4308 Gr.
454 4259 505 4307 πῶς
520 4261 570 4308 τοῖς
587 4260 650 4318 ἐμοῖς
665 4259 755 4322 ῥήμασι
772 4262 867 4309 rueret·
920 4262 990 4324 πρῶς.

319 4358 393 4400 aem
968 4357 979 4390 ⁴
996 4361 1022 4408 ἐκ
1038 4361 1094 4418 μιᾶς
1110 4361 1190 4409 οὐσίας
1207 4359 1387 4412 enarraret.
1402 4361 1470 4424 (πάν-

368 4419 524 4471 'credentei
543 4421 868 4514 SoSynfdssmOEssO
918 4440 980 4502 τας).

785 4517 869 4564 stu
967 4520 978 4552 ¹⁵
993 4528 1117 4583 manunt,
1131 4521 1169 4580 nd,
1184 4523 1326 4582 Cn.,V058.
1356 4526 1409 4576 The
1417 4528 1470 4578 AB,

368 4597 380 4630 ³
396 4598 441 4646 Gr.
456 4595 635 4656 εὐφραινόμενος
646 4594 700 4644 καθ’
712 4597 868 4658 intercutan-
918 4601 976 4648 MS.
990 4601 1035 4648 has
1046 4599 1196 4662 dispereunt,
1209 4609 1229 4651 ct
1240 4605 1278 4654 ab.
