3270 5080
313 403 381 470 256
664 417 854 471 tumetum
878 417 921 470 IN
945 417 1106 472 JUnAEos

146 592 294 682 tentat.

160 686 286 773 teuer-
808 685 910 752 onr.
936 686 974 752 n.

314 841 407 934 Quis
423 855 472 917 cst
490 841 674 942 spimtalis
689 840 902 941 discipulam,
926 841 992 941 qui
1001 839 1153 940 judicat
1169 841 1318 942 quidem
1334 871 1470 936 omnes,

386 960 466 1062 ipse
494 973 617 1036 autem
646 987 672 1036 a
701 960 845 1036 nemine
868 959 1089 1060 judicatur:
1133 975 1166 1038 et
1196 961 1262 1063 qui
1291 977 1373 1039 aunt
1403 963 1474 1062 qui

377 1077 611 1179 judicantur.

515 1211 835 1304 Quemadmodum
841 1211 1113 1312 judioubuntur
1126 1228 1256 1312 pentes.

516 1329 834 1420 Quemadmodum
842 1328 1114 1428 judicabuntur
1129 1331 1267 1408 Judai.

381 1460 542 1538 Octauio
560 1461 734 1561 quoniam
751 1461 842 1538 duos
858 1461 1036 1540 aduentus
1054 1465 1199 1542 onusti
1207 1465 1397 1568 propbeta

725 1581 1042 1658 aununtiaverunt.

1626 1544 1630 1619 l

1626 1654 1631 1743 l

376 1733 482 1799 Tame
493 1729 662 1818 discipulus
676 1731 838 1818 ¹spiritalis
852 1755 923 1799 vere
937 1732 1088 1820 recipiens
1104 1732 1255 1822 Spiritum
1269 1735 1342 1814 Dei,
1357 1733 1410 1822 qni
1423 1735 1467 1803 ab
1480 1762 1506 1801 o.
1516 1763 1565 1802 aa

310 1833 400 1902 initio
419 1833 453 1900 in
466 1833 617 1902 universis
633 1833 886 1921 dispositionibus
906 1834 967 1900 Dei
987 1835 1089 1902 adluit
1105 1836 1293 1917 hominibus,
1308 1845 1342 1904 et
1361 1839 1468 1903 lutura

139 1957 276 2000 roenna,
310 1937 506 2004 annuntiavit
534 1945 568 2004 et
593 1937 760 2024 prasentia
788 1939 927 2004 ostendit
948 1947 981 2004 et
1004 1940 1163 2026 praeterita
1185 1949 1320 2020 enarrat,
1342 1941 1466 2026 judicet

309 2041 434 2128 quidem
460 2063 577 2120 omnes,
604 2037 673 2127 ipse
695 2049 801 2106 autern
826 2063 847 2106 a
871 2041 995 2108 nemine
1017 2043 1185 2129 judicatur.
1239 2043 1322 2108 Nam
1343 2043 1470 2134 judicat

138 2159 262 2201 nom-tu·
308 2154 429 2234 gentas,
454 2156 605 2212 nectura
626 2146 840 2233 neququam
865 2147 1006 2211 Oreotori
1027 2149 1196 2225 eeroimtea,
1221 2155 1255 2212 et
1279 2149 1463 2234 reprobabili

308 2257 414 2314 mente
431 2245 607 2314 universam
621 2269 710 2312 annm
724 2247 935 2333 operationem
953 2247 986 2311 in
1002 2267 1115 2314 tanum
1130 2257 1359 2313 consumentes.
1403 2249 1429 2312 J
1430 2271 1465 2313 u·

309 2351 395 2418 dicat
420 2361 525 2418 autem
551 2351 647 2417 etiam
667 2351 809 2430 Judaeos,
833 2373 896 2416 non
923 2350 1130 2438 percipientes
1151 2353 1278 2417 verbnm
1300 2351 1463 2434 libertatis,

308 2479 409 2545 neque
422 2457 561 2524 volentes
573 2455 659 2521 abire
674 2454 797 2536 liberos,
813 2477 884 2522 cum
899 2455 1035 2520 habeant
1048 2463 1234 2542 praesentem
1248 2455 1461 2532 liberatorem

307 2561 364 2626 sed
387 2559 603 2648 intempestive
628 2568 718 2626 extra
738 2557 840 2646 legem
861 2558 976 2623 servire
1000 2557 1185 2625 simulantes
1208 2559 1286 2623 nihil
1310 2559 1464 2648 indigenti

309 2663 389 2745 Deo,
411 2673 444 2730 et
463 2663 579 2730 Christi
600 2663 776 2740 adventum,
797 2683 889 2747 quem
908 2669 1035 2749 propter
1055 2661 1188 2729 salutem
1202 2663 1362 2729 hominum
1378 2663 1463 2744 lecit,

308 2787 371 2832 non
393 2776 625 2854 cognoscentes,
653 2785 753 2848 neque
773 2762 947 2851 intelligere
967 2763 1115 2844 volentes,
1144 2766 1290 2850 quoniam
1310 2767 1389 2832 duos
1408 2767 1464 2832 ad-

307 2878 419 2935 ventus
440 2870 509 2955 ejus
530 2889 639 2933 omnes
659 2867 920 2932 annuntiaverunt
941 2867 1120 2954 prophetae:
1151 2889 1248 2932 unum
1271 2865 1405 2956 quidem,
1429 2869 1463 2934 in

139 2991 265 3031 nnuma
309 2993 371 3058 quo
392 2971 486 3036 homo
506 2971 540 3036 in
560 2971 653 3058 plaga
673 2970 775 3035 lactus
797 2979 856 3049 est,
878 2969 979 3035 sciens
1000 2971 1080 3035 ferre
1101 2970 1355 3052 imbecillitatem,
1376 2982 1409 3038 et
1430 2974 1463 3038 in

136 3037 198 3077 Zach-
208 3039 237 3078 lx.
245 3040 262 3078 9.

139 3085 282 3175 wip-{2
309 3073 393 3160 pullo
411 3073 509 3138 asinae
525 3073 647 3150 sedens,
661 3076 711 3136 ⁹et
730 3072 913 3157 reprobatus
932 3071 1011 3158 lapis
1026 3074 1067 3137 ab
1081 3072 1318 3153 aedificantibus,
1335 3082 1367 3140 et
1382 3075 1464 3140 sicut

137 3189 290 3230 &mxvii-¹1·
309 3177 376 3242 ovis
389 3176 430 3240 nd
444 3175 602 3241 victimam
615 3174 778 3253 adductus,
794 3183 826 3238 et
840 3197 895 3261 per
909 3175 1123 3240 extensionem
1134 3197 1283 3240 manuum
1294 3177 1465 3244 dissolvens

137 3303 229 3346 unum
243 3305 272 3344 n.
309 3279 434 3367 quidem
452 3275 644 3352 ⁸Amelech3
670 3296 864 3364 congregans
882 3286 988 3343 autem
1009 3277 1177 3364 ⁴dispersos
1193 3279 1274 3346 filios
1288 3301 1309 3345 a
1321 3281 1464 3346 terminis

308 3391 400 3449 terroe
415 3383 447 3446 in
462 3381 540 3447 ovile
556 3379 670 3458 Patris,
686 3389 720 3446 et
732 3385 1045 3448 ⁶recommemoratus
1062 3391 1254 3448 mortuorum
1268 3405 1394 3450 suorum
1409 3385 1463 3472 qui

307 3493 382 3552 ante
401 3484 600 3562 dormierant,
621 3492 654 3547 ct
673 3483 864 3549 descendam
883 3484 924 3548 nd
946 3506 1010 3564 eos,
1030 3483 1077 3550 uti
1096 3493 1218 3550 erueret
1236 3485 1329 3562 eos⁰3
1352 3509 1463 3552 secun-

138 3601 275 3688 ffl=lp{¹·l¹t
308 3591 382 3657 dum
397 3596 513 3668 autern,
534 3587 567 3652 in
584 3609 646 3674 quo
660 3609 753 3673 super
767 3589 864 3652 nubea
880 3587 990 3668 veniet,
1006 3587 1215 3675 superducens
1229 3589 1312 3654 diem
1327 3609 1397 3678 quae
1412 3597 1462 3658 ast

135 3680 253 3753 nutui·
308 3696 391 3762 sicut
418 3693 559 3760 clibanus
587 3689 710 3770 ardens,
736 3699 769 3756 et
791 3689 967 3777 percutiens
992 3699 1108 3756 terram
1136 3693 1230 3758 verbo
1255 3692 1319 3758 oris
1344 3694 1403 3774 sui,
1428 3704 1463 3761 et

136 3819 275 3906 mpetum}
307 3797 418 3885 spiritu
438 3818 494 3882 per
512 3795 595 3860 labia
614 3815 672 3860 sua
690 3793 880 3859 interficiens
900 3793 1022 3880 impios,
1045 3805 1078 3860 et
1092 3795 1297 3860 ventilabrum
1315 3795 1348 3860 in
1368 3819 1462 3864 manu

134 3871 156 3906 a
182 3877 214 3906 m
223 3867 253 3906 ω’
270 3867 288 3912 ⁷¹
307 3901 435 3980 habens,
450 3907 483 3965 et
497 3899 669 3965 emundans
682 3917 789 3963 aream
802 3919 902 3976 suem,
920 3904 953 3962 et
966 3897 1105 3962 triticum
1119 3899 1244 3985 quidem
1264 3901 1297 3965 in
1317 3901 1461 3968 horreum

307 4003 465 4093 colligens,
480 4005 664 4070 comburens
677 4010 783 4068 cutem
797 4001 903 4090 paleas
917 4000 989 4090 igne
1004 4000 1258 4092 inexstinguibili.

356 4223 366 4256 ¹
383 4225 435 4274 An.
446 4239 499 4274 cera
509 4222 630 4287 epiritala‘s
640 4221 765 4286 recipiens.
958 4219 970 4254 ⁶
985 4221 1038 4271 ibe
1049 4221 1129 4272 words
1141 4229 1162 4272 et
1177 4223 1280 4276 solum
1293 4237 1337 4285 cos,
1350 4221 1463 4285 wanting

356 4304 523 4355 'amsemsd
533 4305 598 4354 from
609 4305 770 4355 mensumn.
909 4303 936 4352 in
953 4305 996 4353 the
1012 4304 1057 4354 On.
1080 4304 1131 4354 and
1147 4304 1228 4354 Voss.
1247 4305 1335 4365 MSS,
1360 4305 1407 4354 but
1425 4305 1463 4352 in-

356 4385 437 4436 εΑιι.
455 4386 529 4435 omits
544 4385 649 4449 puden.
678 4385 805 4438 cetum.
819 4385 857 4437 M.
908 4387 991 4436 sutsd
1001 4387 1035 4452 by
1046 4387 1141 4436 Garun
1149 4389 1215 4437 imm
1225 4389 1268 4438 the
1280 4387 1463 4450 AB.,archere

307 4471 341 4521 D.
355 4483 373 4520 c.
386 4467 476 4531 llupb
489 4469 503 4528 ς
514 4482 555 4532 91.
590 4467 711 4518 Brunca.
724 4469 771 4532 Ep.
784 4471 797 4531 ἕ
812 4483 849 4520 rc.
908 4469 1041 4519 cancellat.
1084 4471 1156 4535 'Ibey
1172 4487 1214 4520 nro
1230 4487 1247 4522 a
1262 4472 1380 4521 manifest
1395 4469 1463 4534 glast

356 4549 366 4582 ⁴
383 4551 435 4598 An.
448 4549 499 4598 aud
509 4549 590 4600 Voss.
603 4551 681 4600 insert
691 4555 720 4600 et.
908 4567 940 4602 on
957 4558 1054 4612 enee,
1074 4553 1117 4601 tha
1132 4553 1288 4604 trmshtor’a
1309 4553 1393 4619 faulty
1407 4567 1463 4601 ren·

355 4631 367 4663 ³
382 4637 608 4681 marocenorum.
637 4630 719 4694 Scep.
733 4631 785 4690 108,
798 4647 823 4680 n.
835 4642 857 4693 7.
908 4632 995 4696 during
1006 4633 1034 4681 cf
1043 4634 1163 4696 trpdmat.
