3292 5068
226 351 233 364 ’
338 378 358 442 2
824 393 1004 448 onlcntns

171 567 224 608 ΗΠ
232 565 274 608 111.
283 567 296 605 l.
308 567 324 606 l.

185 613 311 700 seen.

178 781 216 788 -
230 707 325 786 ἕξ.-
840 719 942 786 cAP.
967 721 993 786 Ι.

387 891 423 966 A
451 891 580 991 pallius
602 905 634 966 et
660 889 968 990 qoemodawdum
993 891 1237 993 Ecoapclium
1262 890 1442 990 occeperit

826 1009 1003 1086 Ecclesia.

408 1181 437 1244 l.
483 1177 558 1242 Nou
575 1177 658 1243 enim
673 1199 728 1263 per
743 1177 820 1242 alios
839 1175 1073 1264 dispositionem
1090 1175 1199 1241 salutis
1218 1180 1333 1238 nostrae
1347 1173 1492 1260 cognovi·

340 1303 421 1358 mus,
442 1303 536 1368 quam
555 1303 611 1366 per
632 1301 686 1345 eos
705 1301 761 1366 per
778 1303 856 1367 quos
874 1280 1079 1367 Evangelium
1097 1276 1234 1365 pervenit
1251 1275 1292 1340 ad
1311 1298 1385 1342 nos:
1409 1275 1492 1363 quod

341 1385 466 1470 quidem
487 1391 563 1448 tunc
586 1393 863 1469 1ριινεοοι]ουεοιιιιί,
888 1393 997 1468 postea
1011 1407 1083 1449 vero
1100 1405 1156 1468 per
1170 1381 1231 1448 Dei
1248 1381 1437 1446 voluntatem
1459 1379 1492 1442 in

343 1485 511 1572 Scripturis
535 1485 625 1550 nobis
653 1485 857 1562 tradiderunt,
885 1485 1138 1550 ²lundamentum
1164 1492 1197 1550 et
1222 1483 1396 1550 columnam
1420 1484 1492 1549 fidei

341 1595 456 1654 nostrae
469 1587 616 1652 futurmn.
664 1585 732 1652 Nec
746 1584 829 1650 enim
845 1585 892 1650 ias
906 1594 955 1652 est
969 1585 1080 1664 dicere,
1101 1586 1247 1673 quoniam
1260 1593 1332 1651 ante
1347 1585 1493 1672 praedica·

341 1699 451 1756 verunt
470 1712 564 1777 quam
586 1687 756 1775 perfectam
776 1688 926 1753 haberent
950 1689 1161 1776 agnitionem
1186 1689 1267 1756 sicut
1286 1691 1412 1777 quidam
1438 1713 1494 1755 au-

342 1795 417 1862 dent
431 1793 543 1872 dicere,
558 1791 726 1879 gloriantes
740 1790 955 1856 emendatores
969 1813 1004 1856 se
1015 1813 1084 1858 esse
1099 1792 1332 1879 Apostolorum.
1377 1793 1494 1858 Postea
1506 1819 1536 1860 a.
1548 1820 1593 1864 ιτι.

342 1896 427 1962 enim
448 1917 543 1984 quam
565 1892 700 1960 surrexit
724 1891 879 1958 Dominus
902 1901 1008 1960 noster
1029 1916 1061 1960 a·
1075 1895 1214 1973 mortuis,
1239 1903 1270 1962 et
1295 1895 1395 1960 induti
1419 1903 1495 1960 sunt

343 1998 600 2086 supervenientis
612 1997 747 2083 Spiritus
761 1997 863 2062 saneti
880 1998 1027 2064 υἱςίιιίοιιι
1043 1999 1172 2079 exalto,
1187 1999 1227 2064 de
1242 1999 1383 2066 omnihus
1396 1997 1494 2063 adim-

343 2103 419 2188 pleti
438 2110 522 2180 sunt,
542 2111 575 2166 et
595 2101 771 2166 habuerunt
788 2102 958 2186 perlectam
976 2103 1187 2190 agnitionem
1208 2103 1349 2170 exienmt
1362 2103 1396 2168 in
1416 2103 1496 2168 lines

344 2215 446 2284 terrae,
462 2227 584 2293 eaquae
597 2227 618 2270 a
633 2204 703 2270 Deo
720 2205 810 2269 nobis
824 2205 907 2272 bona
925 2217 1000 2271 sunt
1014 2207 1269 2294 evangelizantes,
1282 2214 1315 2272 et
1335 2205 1494 2272 coelestem

344 2329 453 2396 paoem
474 2308 651 2374 hominihus
671 2307 905 2387 annuntiantes,
926 2309 980 2396 qui
1002 2311 1128 2396 quidem
1146 2317 1179 2376 et
1199 2331 1304 2377 omme
1326 2309 1441 2399 pariter
1462 2316 1496 2374 et

343 2411 458 2502 singuli
472 2434 580 2480 eorum
592 2411 744 2478 habentes
759 2411 965 2500 Evangelium
981 2413 1040 2482 Dei
1048 2415 1069 2480 ⁴.

393 2605 527 2656 ¹Anuun.
541 2607 598 2658 MS.
608 2607 823 2672 ptmccniaccruat.
850 2606 896 2654 See
947 2625 995 2656 που
1006 2609 1046 2656 καί
1057 2609 1271 2671 παρηκολουθηκώς
1284 2625 1320 2658 τις
1330 2609 1380 2658 τοῖς
1391 2609 1495 2670 τρεσβυ·

344 2691 405 2741 Vol.
418 2703 437 2741 1.
454 2708 479 2755 p.
494 2703 533 2756 97,
546 2697 605 2740 note
617 2705 639 2741 a.
947 2690 1023 2750 τέροις
1041 2691 1113 2751 ἔλθοι,
1131 2692 1186 2741 τοὺς
1199 2692 1248 2739 τῶν
1262 2690 1429 2753 πρεσβυτέρων
1444 2689 1494 2736 ἀνέ-

393 2769 406 2803 ²
425 2771 515 2821 slim.
528 2771 563 2820 iii.
580 2783 617 2832 ιη,
635 2770 717 2820 where
736 2771 806 2820 these
822 2775 898 2819 tenus
948 2787 1024 2833 κρινον
1042 2772 1136 2834 λόγους,
1158 2773 1183 2821 τί
1196 2772 1310 2835 Ἀνδρέας,
1331 2770 1348 2831 ἥ
1365 2773 1389 2819 τί
1406 2771 1496 2832 Πέτρος

344 2869 387 2902 are
396 2853 539 2918 predicated
549 2852 578 2901 ot
591 2853 634 2901 the
645 2851 754 2902 Ohurch.
949 2852 1015 2901 εἶπεν
1026 2855 1100 2902 κ.τ.λ.
1120 2852 1217 2902 Euesa.
1230 2851 1300 2901 ΠΕ.
1314 2864 1355 2900 111.
1371 2865 1409 2916 39.

370 2945 371 2950 ’
393 2933 485 2984 ⁸Gsn.
509 2933 560 2984 aba
584 2948 612 2982 as
634 2933 660 2982 in
682 2933 747 2982 Acts
760 2932 811 2984 ἰ.8.
845 2931 899 2982 'l'he
997 2933 1069 2984 With
1087 2939 1184 2998 respect
1201 2938 1228 2983 to
1248 2933 1288 2982 the
1303 2931 1408 2996 Gospels
1425 2930 1454 2980 ol
1469 2930 1494 2980 Π

346 3017 398 3068 AB.
410 3033 473 3082 copy
484 3017 529 3065 has
540 3015 584 3064 the
593 3015 712 3075 ablativa,
723 3015 773 3063 and
784 3015 880 3066 υἰιίιιίὲ.
949 3013 1076 3064 Mattheus
1094 3016 1144 3064 aad
1160 3015 1228 3064 ote.
1242 3015 1324 3074 Merit,
1344 3014 1395 3062 thie
1410 3011 1497 3077 highly

395 3097 407 3130 ⁴
424 3099 456 3147 In
468 3099 559 3162 calling
569 3099 612 3147 the
623 3096 726 3146 reader’s
736 3097 860 3146 attention
871 3103 899 3147 to
949 3097 1049 3146 ancient
1063 3099 1147 3146 writer
1161 3113 1233 3162 says:
1251 3097 1347 3158 Πιίρκος
1365 3097 1409 3155 μέν
1428 3096 1498 3156 έρμη·

347 3181 392 3230 the
416 3179 518 3244 parallel
540 3179 676 3242 testimony
700 3177 728 3225 ol
746 3177 846 3243 Papias,
872 3179 899 3227 in
950 3179 1031 3238 νευτὴς
1048 3179 1141 3242 Πέτρου
1155 3177 1284 3240 γενόμενος,
1297 3179 1345 3226 δσα
1360 3176 1497 3236 ἐμνημόνευ-

348 3262 392 3310 the
402 3261 499 3324 history
510 3259 539 3308 ol
553 3257 684 3318 Eusebius,
696 3259 718 3307 it
731 3273 791 3323 may
801 3259 832 3308 be
847 3275 900 3324 pre·
950 3276 998 3320 σεν,
1014 3260 1116 3323 ἀκριβῶς
1128 3259 1243 3323 έηραψεν·
1259 3260 1286 3306 οδ
1296 3257 1377 3316 μέντοι
1388 3257 1455 3315 τάξει
1465 3255 1498 3304 τὰ

348 3343 427 3392 mised
444 3343 502 3392 that
519 3341 539 3390 it
557 3340 649 3390 affords
659 3340 703 3391 the
714 3341 812 3390 earliest
826 3341 900 3390 insor-
951 3341 997 3390 ὑπὸ
1013 3343 1056 3390 τοῦ
1073 3342 1180 3404 Χριστοῦ
1191 3339 1208 3401 ἢ
1218 3340 1335 3400 λεχθέντα
1348 3336 1365 3398 ἢ
1380 3337 1498 3400 πραχθέν·

347 3409 443 3474 matidn
461 3423 518 3474 that
535 3439 572 3472 we
588 3439 684 3490 possess
700 3423 841 3487 respecting
856 3423 900 3474 the
949 3441 989 3484 τα,
1016 3425 1137 3486 οὔτεγὰρ
1158 3422 1242 3482 ἥκουσι
1261 3423 1305 3469 τοῦ
1322 3420 1419 3482 Κυρίου,
1444 3420 1498 3466 οὔτε

346 3507 509 3571 composition
532 3505 561 3554 of
579 3506 623 3555 the
639 3505 764 3554 two‘lirst
781 3503 899 3568 Gospels3
951 3507 1162 3568 παρηκολούθησεν
1184 3503 1256 3562 αι’κτῷ·
1286 3517 1384 3562 υστερον
1410 3501 1443 3560 δέ,
1468 3499 1499 3549 ὡς

345 3589 403 3637 that
414 3587 535 3651 although
546 3587 589 3636 the
604 3587 724 3635 historiari
735 3586 824 3650 speaks
838 3585 899 3634 with
950 3590 1018 3650 έφην,
1032 3587 1125 3648 Πέτρῳ,
1139 3587 1164 3634 δς
1176 3585 1234 3646 τρδς
1241 3584 1286 3632 τὰς
1302 3583 1384 3643 χρείας
1395 3582 1499 3630 έτοιεῖτο

345 3667 411 3718 little
427 3673 524 3732 respect
541 3667 570 3716 ol
591 3667 629 3716 his
651 3667 787 3730 authority,
808 3666 899 3730 Papias
950 3669 994 3717 τὰς
1004 3666 1168 3726 διδασκαλίας,
1176 3663 1230 3712 ἀλλ’
1239 3664 1285 3723 οὐχ
1296 3663 1379 3723 ὥσπερ
1389 3663 1499 3720 σιἰταξιν

345 3751 478 3815 according
499 3755 526 3799 to
543 3750 595 3799 him
612 3749 706 3813 having
724 3749 786 3798 been
806 3749 900 3811 σφόδρα
949 3752 997 3800 τῶν
1020 3750 1135 3812 κυριακῶν
1161 3749 1295 3805 ποιούμενος
1317 3745 1405 3808 λόγου·
1435 3745 1500 3794 ὥστε

346 3837 443 3899 σμικρδς
457 3837 499 3885 τδν
515 3837 574 3894 νοῦν,
590 3833 639 3898 (see
649 3835 701 3884 also
713 3845 769 3897 455,
783 3833 834 3895 (a),
849 3833 900 3882 still
949 3834 1015 3882 οὐδέν
1026 3832 1120 3894 ἥμαρτε
1130 3829 1233 3892 Μάρκος,
1250 3826 1324 3878 οὕτως
1338 3829 1388 3876 ένια
1402 3827 1501 3890 γράψας

344 3917 402 3966 that
429 3917 450 3967 it
473 3917 494 3966 is
518 3917 660 3982 impossible
689 3921 716 3967 to
744 3921 811 3965 treet
838 3917 899 3964 with
950 3913 980 3963 ὡς
999 3912 1212 3972 ἀπεμνημόνευσα·
1234 3911 1284 3962 ένδς
1301 3912 1349 3973 γὰρ
1368 3911 1501 3969 ἐποιήσατο

345 3997 481 4063 disrespeot
498 4013 545 4047 one
558 3999 642 4048 whose
657 3997 708 4048 sole
727 3997 789 4047 wish
804 4013 855 4046 was
872 4003 899 4046 to
950 3996 1068 4058 πρόνοιαν,
1080 3994 1237 4056 τοθμηδένδν
1248 3993 1497 4057 ἤκουσεταραλιτεῖυ,

280 4125 282 4130 .
345 4079 468 4128 ascertain
485 4080 529 4129 the
545 4081 625 4141 truth,
643 4079 694 4128 and
709 4079 764 4128 who
781 4080 842 4128 took
855 4079 899 4127 the
949 4076 1283 4142 ἥψεύσασθαίτιέναίκταῖς.

345 4159 401 4209 best
422 4159 525 4210 method
546 4159 575 4208 oi
592 4161 692 4225 traoing
712 4161 734 4210 it
753 4165 805 4221 out,
823 4175 850 4208 aa
868 4161 900 4210 he
998 4161 1082 4209 Ταῦτα
1097 4161 1141 4227 μέν
1159 4163 1198 4210 clia
1216 4161 1341 4222 ἱστόρηται
1359 4157 1394 4217 τῷ
1414 4155 1500 4214 Παπίᾳ

345 4255 418 4305 says:
443 4243 470 4290 od
491 4243 541 4304 γὰρ
563 4242 614 4290 ταῖς
635 4242 668 4289 τὰ
687 4241 770 4290 πολλὰ
787 4241 900 4302 λέγουσιν
950 4244 1005 4306 περί
1021 4245 1065 4292 τοῦ
1079 4243 1187 4306 Μάρκου·
1203 4243 1258 4304 περί
1276 4237 1501 4290 cereostatarum

345 4325 443 4385 έχαιρον
453 4323 535 4384 ιδστερ
547 4323 569 4370 ol
581 4323 676 4382 πολλοί,
688 4323 753 4371 ἀλλὰ
764 4325 813 4372 τοῖς
824 4323 897 4383 τέλη-
948 4325 1018 4374 ταῦτ’
1031 4327 1130 4388 είρηται·
1149 4325 1271 4373 Ματθαΐος
1282 4323 1326 4381 μέν
1343 4320 1501 4381 οδνἘβραίδι

346 4407 377 4466 Oti
396 4406 553 4454 διδάσκουσιν·
572 4406 626 4454 οὐδέ
640 4405 690 4454 τοῖς
707 4406 752 4454 τὰς
769 4405 899 4468 ἀλλοτρίας
949 4409 1067 4468 διαλέκτιρ
1086 4409 1118 4455 rt
1136 4407 1207 4466 λδγια
1225 4404 1404 4476 συνεγρθματα,
1426 4401 1500 4464 cippi·

345 4489 443 4538 έντολδν
449 4489 638 4548 μνημονεύουσιν,
649 4487 715 4536 ἀλλὰ
722 4487 772 4538 τοῖς
780 4489 823 4538 τὰς
832 4489 899 4551 rapt
949 4507 1017 4539 νευσε
1026 4490 1117 4539 δἀδτδ
1128 4489 1158 4538 ὡς
1166 4490 1267 4547 ἠδύνατο
1274 4489 1381 4535 ἕκαστος.
1401 4485 1499 4533 ausas.

344 4573 389 4619 eoo
403 4571 493 4632 Kopion
509 4572 543 4633 τῇ
555 4571 636 4620 πίστει
653 4571 784 4632 δεδομένας,
799 4571 839 4620 καί
854 4569 897 4619 ἀπ’
949 4571 1010 4620 idid.
1059 4571 1106 4620 See
1128 4569 1225 4630 Durus,
1250 4567 1316 4618 Dias.
1342 4565 1499 4616 Br'dl.'l'.11.

344 4652 418 4711 αὐτῆς
430 4653 620 4714 παραγινομένας
632 4653 675 4712 τῆς
690 4652 810 4713 ἀληθείας,
829 4651 860 4700 nt
873 4651 900 4700 δέ
954 4665 973 4710 ι,
988 4663 1010 4699 ο.
