3260 5082
479 414 655 468 neronum
682 398 1310 468 nnosr1nunuvro.377

158 565 410 630 substantiam
382 587 459 651 eJus.
500 565 565 630 Alii
586 565 741 652 quidem¹
748 588 839 652 porro
858 575 891 632 et
905 567 997 654 louge
1014 573 1190 653 separatam
1206 567 1249 632 ab
1263 587 1311 646 eo,
1356 591 1446 630 nav.

53 686 77 725 o.
86 685 133 726 oo.
160 667 214 752 qui
229 676 278 732 est
292 667 486 732 seeundum
478 689 562 785 ipsos
575 668 681 747 Patre,
695 690 717 732 a
730 668 898 754 semetipsa
911 668 1078 747 'floruisse
1093 677 1126 734 et
1139 689 1209 733 esse
1223 689 1263 733 ex
1277 691 1312 734 se
1332 638 1467 771 0¹3¹&

159 777 278 836 nahtam
314 769 399 834 ⁸Alii
419 780 525 835 autem
539 769 572 834 iu
586 769 637 834 his
656 793 726 856 quse
741 772 940 836 eontinentur
958 792 978 835 a
994 771 1100 849 Patre,
1118 770 1157 834 de
1173 771 1260 836 Labe
1279 779 1312 837 et
1325 777 1475 864 ffl-

160 872 335 959 ignorantia
346 873 554 938 substantiam
566 873 721 939 habuisse.
759 874 824 938 Alii
843 883 950 939 autem
968 873 1185 938 ⁴manifestum
1199 873 1312 938 adven-

160 981 228 1040 tum
258 975 386 1040 Domini
415 985 628 1054 contemnunt,
658 975 902 1042 incarnationem
931 979 999 1064 ejus
1027 999 1091 1042 non
1115 977 1311 1063 recipientes.

160 1077 226 1142 Alii
240 1086 345 1143 autem
365 1101 472 1144 rursus
486 1079 664 1166 ignorantes
680 1079 822 1166 Virginis
839 1079 1111 1166 dispensationem,
1131 1100 1172 1145 ex
1190 1079 1214 1143 J
1215 1079 1312 1166 oseph

160 1181 268 1246 dieunt
282 1204 354 1246 eum
368 1192 561 1270 generatum.
593 1183 638 1248 Et
650 1182 775 1268 quidam
790 1184 914 1269 quidem
929 1206 1028 1269 neque
1042 1183 1179 1248 animam
1191 1189 1310 1261 ⁵suam,

159 1305 260 1370 neque
282 1307 394 1371 eorpus
414 1285 550 1372 reoipere
571 1307 662 1370 posse
684 1285 792 1350 dieunt
811 1295 960 1352 aeternam
982 1286 1088 1365 vitam,
1110 1286 1167 1352 sed
1187 1294 1311 1351 tantum

160 1385 318 1452 bominem
330 1386 519 1452 interiorem.
564 1387 645 1452 Esse
658 1395 764 1452 autem
778 1388 860 1453 huno
874 1409 946 1452 eum
960 1388 1013 1474 qui
1029 1388 1061 1452 in
1075 1388 1121 1454 eis
1139 1387 1182 1454 sit
1201 1409 1312 1454 sensus

160 1488 277 1567 volunt,
297 1511 388 1576 quern
410 1497 443 1553 et
460 1489 561 1554 solum
580 1491 747 1556 ascendero
768 1491 809 1556 ad
828 1491 1000 1576 perfeetum
1019 1492 1199 1557 decernunt.
1245 1490 1311 1554 Alii

160 1600 266 1657 autem
279 1594 385 1658 anima
401 1593 529 1674 salvata,
544 1615 608 1659 nou
621 1593 800 1680 participari
815 1616 927 1681 eorpus
941 1595 1079 1680 ipsorum
1094 1617 1163 1660 eam
1178 1616 1248 1680 qnae
1262 1603 1312 1660 est

160 1717 181 1760 a
195 1694 265 1761 Deo
275 1695 419 1775 salutem,
434 1696 694 1781 quemadmodum
710 1697 742 1760 in
756 1698 857 1783 primo
871 1697 1007 1764 diximus
1020 1697 1109 1764 libro.
1148 1695 1187 1760 In
1202 1718 1264 1783 quo
1278 1703 1312 1760 et

160 1806 344 1885 argumenta
361 1819 468 1863 eorum
487 1798 624 1864 omnium
639 1799 858 1880 enarravimus,
873 1809 906 1868 et
923 1801 1090 1867 invalidum
1110 1801 1258 1889 ipsomm,
1278 1807 1312 1864 et

161 1900 365 1967 inconstabile
379 1900 412 1965 in
426 1901 563 1966 mouudo
577 1901 780 1970 ostendimus.

629 2215 733 2282 ΟΑΡ.
758 2215 843 2278 XX.

161 2386 358 2463 Audienda·
382 2399 465 2462 euru
489 2387 672 2478 Fautores,
708 2385 838 2484 quobus
863 2383 1033 2484 Apostoli
1058 2384 1311 2462 cornmieeruut

237 2503 433 2597 Ecclesiae,
459 2529 574 2578 uuam
591 2515 623 2577 et
641 2501 795 2578 eaodem
809 2501 937 2576 solutae
959 2500 1166 2577 octauam
1182 2502 1312 2578 babeo-

234 2635 299 2698 teo:
323 2619 502 2722 sapiendi
529 2633 652 2695 autem
682 2617 850 2707 haeretici,
884 2631 915 2693 et
943 2617 984 2693 iu
1004 2618 1107 2716 fidei
1132 2620 1315 2718 mysteriis

237 2739 354 2816 sobrie
377 2735 609 2840 sopiendum.

60 2945 145 2990 ιιιιι.
165 2925 196 2988 1.
231 2921 353 2986 Onnes
367 2921 452 2988 enim
467 2920 488 2984 ii
503 2920 591 2986 valde
610 2919 797 3006 posteriores
811 2927 886 2985 sunt
900 2941 994 3006 quam
1008 2921 1185 3008 ‘Episcopi
1203 2922 1315 3010 quibus

164 3023 310 3112 Apostoli
329 3025 523 3090 tradiderunt
542 3023 717 3090 Eoelesias:
741 3032 775 3089 et
794 3023 853 3091 hoo
874 3023 907 3088 in
925 3024 1019 3102 tertio
1041 3023 1119 3090 libro
1138 3047 1210 3091 oum
1230 3028 1314 3092 omni

212 3233 311 3297 ¹porro
327 3239 356 3283 et.
390 3233 443 3281 'I'hs
459 3233 587 3293 subjectis
603 3231 654 3281 still
671 3233 714 3281 the
762 3231 926 3294 χωρουμένοιι,
942 3231 967 3290 ἐξ
984 3231 1147 3292 ὑστερήματος
1165 3231 1205 3280 rol
1218 3232 1316 3314 dyrolur

163 3313 352 3380 originationof
357 3318 457 3374 matter,
464 3313 559 3362 vvbioh
554 3329 573 3362 u
581 3311 716 3362 eontinued
762 3313 808 3372 τὴν
819 3312 901 3361 otetur
912 3311 1047 3372 ἐσχηκέναι.

164 3395 190 3444 in
205 3396 249 3445 the
264 3399 457 3444 nextsentenoe
492 3393 572 3442 Porro
588 3393 715 3458 evidently
812 3393 857 3442 (ι.
876 3393 894 3442 1.
912 3391 1045 3455 mnifeeta
1090 3392 1142 3442 An.
1166 3399 1317 3442 ommam

162 3477 248 3526 makes
258 3493 291 3525 no
299 3491 377 3526 sense.
412 3475 512 3524 Edrtom
521 3475 642 3525 therefore
650 3475 714 3524 bave
764 3473 893 3522 adveutum
904 3473 1152 3535 Domini,etineom.

163 3559 259 3608 treated
270 3559 290 3607 it
301 3574 329 3606 as
340 3558 382 3607 the
393 3557 476 3606 Greek
488 3557 574 3622 πόρῤω,
590 3573 623 3606 an
635 3557 712 3622 hypo-
813 3554 824 3586 ³
842 3569 921 3614 mmm,
942 3555 996 3618 On,
1015 3555 1061 3603 but
1079 3555 1184 3604 omitted
1200 3556 1235 3620 by
1251 3557 1313 3617 Aru,

163 3639 241 3687 thesis
263 3644 308 3688 not
323 3653 392 3688 more
407 3639 534 3688 lomunute
556 3641 619 3688 than
642 3638 716 3687 Hnn-
764 3637 840 3698 Vna,
854 3637 933 3686 Voss.

165 3720 267 3767 uranu's
278 3721 338 3782 ἔργα
349 3721 426 3781 pope.
459 3732 478 3768 1.
495 3731 550 3782 373,
570 3731 593 3780 5,
613 3718 664 3767 and
682 3717 714 3766 os.
813 3717 824 3751 ⁸
840 3719 877 3767 To
888 3724 992 3768 oonneot
1003 3719 1046 3768 the
1056 3719 1249 3782 firstBishopof
1256 3719 1316 3769 eeob

166 3811 186 3850 1.
208 3798 261 3860 383,
284 3813 307 3861 3.
342 3797 479 3862 Ipropose
497 3799 624 3862 rothoni
642 3799 714 3858 Orno,
765 3799 934 3848 Oburohvvith
942 3799 1317 3863 theuposueawasinfaetto

165 3880 183 3929 i,
192 3895 213 3928 e.
225 3895 273 3942 per
288 3879 393 3939 ΗΜ,
409 3879 471 3928 snob
483 3895 568 3928 names
581 3879 655 3942 being
669 3879 716 3928 fre·
765 3880 871 3945 identify
878 3881 985 3930 thathee
992 3885 1093 3945 present
1100 3879 1266 3930 Ghurohvvith
1274 3881 1317 3931 the

166 3960 270 4026 quently
281 3961 381 4008 written
391 3959 418 4008 in
432 3960 475 4008 the
490 3959 577 4020 MSS,
597 3961 681 4025 partly
691 3961 718 4010 in
765 3961 868 4021 tvvelve;
884 3962 928 4010 the
940 3961 1092 4022 Snoeession,
1105 3962 1149 4010 the
1160 3961 1280 4026 Ministry
1292 3963 1321 4011 of

166 4042 249 4091 Greek
257 4041 392 4090 marmur.
424 4039 501 4104 Sesp.
516 4053 571 4104 379,
585 4057 611 4089 n.
628 4055 648 4102 1,
661 4042 716 4106 q.d.
764 4042 1316 4105 theWordandSenrnments,andthe0roedn,

165 4127 239 4174 ἄλλοι
258 4125 285 4174 dt
306 4123 336 4172 δι’
355 4123 427 4184 Ὀρου
442 4123 537 4184 μικρὰν
553 4125 720 4184 ἀφωρισμένην
766 4124 1075 4189 havingoontinueddovvn
1083 4125 1318 4192 vrithontinterrup-

167 4208 216 4256 dri
227 4207 271 4256 τοῦ
282 4205 336 4255 κατ’
349 4206 433 4254 aorem
450 4205 553 4267 Ilorpdr,
574 4204 618 4266 ἀφ’
635 4205 720 4265 ἑαυτῆς
767 4207 829 4256 tion.
853 4207 1019 4255 moturos
1027 4207 1249 4271 rightlyobserves,
1261 4209 1318 4258 that

165 4289 369 4354 βιβλαστηκνΐαν,
390 4289 430 4336 ral
446 4289 472 4347 ἐξ
488 4287 575 4347 tombs
588 4289 718 4348 γογενημέ-
766 4288 873 4352 priority
887 4287 908 4336 is
923 4287 1034 4347 olsimed,
1048 4304 1076 4336 as
1093 4287 1213 4352 referring
1231 4293 1258 4338 to
1275 4291 1319 4340 the

166 4389 214 4433 νην.
250 4371 379 4433 Ses1.pp.
394 4365 531 4433 294-296.
767 4367 865 4416 dateof
876 4367 919 4415 the
930 4369 1117 4419 establishrnent
1128 4371 1157 4419 os
1171 4371 1214 4420 tho
1225 4373 1319 4421 several

216 4451 431 4517 ’tiermes
462 4451 570 4501 Αιιυιιιι,
580 4449 660 4514 suiset
671 4447 720 4497 and
769 4448 902 4508 Churohes,
916 4449 968 4498 and
978 4450 1022 4499 the
1032 4452 1206 4515 appointment
1218 4453 1246 4502 of
1255 4454 1319 4503 their

167 4544 261 4586 Meum,
767 4531 823 4580 first
834 4529 941 4595 bishops,
951 4536 996 4581 not
1006 4537 1033 4581 to
1044 4532 1087 4581 the
1097 4533 1208 4582 removal
1225 4534 1253 4582 ol
1263 4535 1319 4585 that

217 4617 316 4670 *ἄλλοι
332 4621 365 4680 δὲ,
384 4619 410 4668 ἐν
431 4619 480 4670 τοῖς
498 4619 544 4667 ὑπὸ
566 4617 609 4668 τοῦ
625 4613 721 4679 Harpis
768 4611 857 4676 bishop
873 4611 1001 4677 bydeatb.
1036 4613 1105 4662 Thus
1118 4613 1144 4663 S.
1158 4614 1323 4681 Polyoarpof
