3270 5116
327 422 394 490 496
796 448 824 502 a.
851 449 1000 502 insumi

327 603 567 704 πρεσβύτερος,
579 605 633 678 καί
653 609 693 683 ὡς
713 607 951 708 ἀρχιερωσύνης
970 604 1152 700 ἠξιωμένος.
1182 605 1279 707 Πρὸς
1297 603 1332 677 δέ
1348 609 1488 685 τούτοις

327 713 398 786 derel
419 712 608 818 ἀκάθαρτος
636 721 655 790 ὁ
678 719 803 819 λεπρὸς
829 719 930 791 έδόκει
959 718 1036 790 εἶναι
1062 717 1150 791 κατά
1177 718 1238 792 τάν
1264 721 1374 806 νόμον,
1403 719 1487 822 ῥίζα

329 823 364 898 δέ
380 833 446 900 τῶν
463 831 572 929 ἱερέων
588 831 642 902 καὶ
661 833 778 930 κρητὶς
797 833 834 917 ήν
851 835 870 904 ὁ
889 831 1030 932 Ἀαρὶον,
1055 835 1108 904 ’ἱνα
1131 833 1176 916 μή
1200 835 1243 910 εἷς
1267 829 1359 904 ἅπαν
1380 831 1487 927 διαβῇ

328 937 371 1012 τά
399 941 493 1032 γένος
514 941 557 1016 τά
582 943 710 1028 ὄνειδος,
739 946 799 1028 τήν
824 946 898 1028 Ιι’σην
922 947 977 1017 onix
1003 947 1174 1037 ε’πήγαγεν
1198 947 1289 1036 αὖτῷ
1308 948 1484 1045 τιμωρίαν,

328 1051 419 1124 ἀλλά
453 1053 505 1126 διὰ
533 1065 590 1140 τῆς
622 1055 769 1157 ἀδελφῆς
803 1059 975 1158 ἐφόβησεν
1009 1060 1091 1142 ὁμοῦ
1120 1090 1161 1130 τε
1194 1059 1248 1130 καὶ
1280 1057 1485 1130 ἐπαίδευσεν.

329 1165 431 1238 Οὕτω
454 1165 522 1266 γάρ
548 1167 648 1242 αὑτὸν
669 1170 714 1242 τά
740 1169 848 1248 πάθος
873 1171 1010 1254 ήνίασεν,
1037 1173 1091 1242 ὅτι
1110 1173 1242 1271 πρώτης
1261 1177 1367 1244 τοῦτο
1386 1169 1486 1265 δεξα-

327 1279 429 1364 μένης,
453 1277 552 1358 οὗτὸς
571 1280 632 1354 τάν
658 1281 845 1368 ἠδικημένον
867 1284 1013 1356 ἱκέτευσε
1035 1289 1134 1354 λῦσαι
1157 1287 1201 1376 τῇ
1224 1285 1394 1382 πρεσβείᾳ
1422 1285 1484 1367 τήν

328 1395 518 1492 συμφοράν.
556 1395 599 1466 ‘O
629 1392 663 1465 dd
689 1397 745 1467 οὐκ
777 1397 947 1482 ήμέλησεν,
978 1397 1056 1467 ἀλλ’
1083 1397 1199 1468 αὐτίκα
1231 1397 1292 1480 τήν
1314 1399 1484 1495 ἱκετηρίαν

329 1503 563 1603 προσήνεγκεν.
618 1505 713 1581 Εἶτα
742 1511 761 1580 ὁ
786 1506 1024 1609 φιλάνθρωπος
1054 1509 1177 1609 Κύριος
1198 1507 1352 1604 ἐδίδαξεν,
1379 1512 1421 1586 ὡς
1448 1511 1484 1581 ori

327 1615 609 1698 καταδικαστικῶς
640 1621 747 1706 αὐτήν,
772 1619 863 1692 ἀλλά
888 1627 1053 1722 πατρικῶς
1075 1622 1275 1693 ἐπαίδευσεν·
1314 1623 1382 1721 ἔφη
1402 1620 1482 1722 γὰρ,

328 1728 376 1800 Εἰ
395 1733 414 1800 ὁ
434 1731 548 1830 πατήρ
575 1733 679 1828 αὐτῆς
693 1733 838 1816 έμπαίων
857 1735 1027 1806 ένέπαισεν
1047 1739 1089 1812 είς
1107 1733 1151 1806 τά
1169 1736 1355 1834 πρόσωπον
1373 1736 1481 1819 αὐτῆς,
1579 1767 1580 1806 ι

327 1842 383 1911 οὐκ
408 1843 670 1942 ε’ντρατήσεται;
697 1844 784 1919 έπτά
807 1848 927 1947 ήμέρας
945 1847 1216 1947 ἀφορισθήσεται
1238 1845 1300 1942 ἔξω
1317 1854 1377 1930 τῆς
1396 1878 1483 1948 παρ-
1579 1853 1580 1904 l

327 1955 483 2042 εμβολῆς,
503 1955 556 2028 καὶ
576 1956 662 2042 μετὰ
682 1965 791 2032 ταῦτα
810 1962 1045 2032 εἰσελεύσεται.

824 2218 987 2284 XXXII.

412 2373 550 2460 Ἐπειὸή
581 2375 665 2454 τινὲς
698 2379 753 2448 οὐκ
788 2376 849 2449 old'
882 2379 1005 2450 ὁπόθεν
1035 2379 1224 2464 κινηθέντες,
1257 2376 1295 2448 dt'
1333 2380 1483 2462 ήμισείας
1579 2433 1580 2466 .

326 2486 370 2560 τὸ
388 2486 620 2589 δημιουργικὸν
640 2496 703 2562 τοῦ
726 2491 814 2562 Θεοῦ
836 2497 1086 2590 παραιροῦνται,
1104 2493 1207 2575 μόνον
1224 2497 1286 2566 τοῦ
1302 2499 1403 2563 ποιοῦ
1420 2499 1483 2566 τοῦ
1579 2505 1580 2572 η

326 2600 403 2700 περὶ
427 2599 505 2684 θλην
530 2603 638 2674 α’ίτιον
661 2601 761 2675 αὑτὸν
789 2603 954 2696 λέγοντες,
984 2603 1165 2696 ἀγέννητον
1190 2605 1289 2687 αὗτὶην
1316 2603 1378 2687 τήν
1406 2605 1484 2688 ὕλην

323 2803 505 2889 provectior,
525 2811 557 2869 et
571 2802 741 2889 pontificali
756 2799 910 2890 dignitate
925 2810 1064 2870 ornatus.
1113 2803 1234 2869 Praeter
1248 2803 1326 2882 haeo,
1342 2806 1484 2889 quando-

325 2907 449 2994 quidem
464 2905 603 2992 leprosus
619 2907 713 2992 juxta
730 2905 832 2994 legem
847 2928 904 2992 pro
926 2905 1087 2970 immundo
1105 2907 1288 2986 habebatur,
1304 2907 1337 2971 iu
1353 2909 1485 2974 Aarone
1579 2911 1580 2914 ’

324 3018 430 3074 autem
449 3009 540 3075 radix
559 3017 592 3074 et
614 3009 849 3074 tundamentum
873 3009 1040 3075 sacerdotii
1059 3009 1156 3074 situm
1175 3019 1252 3089 erat,
1276 3032 1316 3074 ne
1333 3012 1485 3096 probrum
1579 3001 1580 3006 ¹

323 3111 407 3176 istud
425 3111 457 3174 in
472 3133 563 3176 omne
576 3111 764 3176 sacerdotum
778 3133 880 3198 genus
895 3111 1053 3192 transiret,
1069 3111 1156 3176 illum
1169 3112 1254 3206 haud
1268 3113 1363 3178 simili
1378 3115 1486 3180 affecit

323 3235 426 3300 poena,
449 3215 505 3279 sed
528 3236 583 3300 per
605 3236 742 3280 sororem
768 3237 840 3280 eum
867 3216 1078 3302 perterrefecit
1102 3215 1217 3302 pariter
1241 3239 1279 3282 ao
1305 3217 1484 3305 castigavit

325 3317 377 3382 Ita
396 3316 479 3382 enim
505 3317 543 3383 de
566 3339 660 3404 poena
688 3319 839 3403 (Μανία)
867 3318 986 3385 doluit:
1010 3319 1174 3408 siquidem,
1198 3321 1428 3407 cumprimum
1448 3344 1486 3388 ea

324 3419 522 3508 affligeretur,
538 3419 604 3508 ipse
619 3419 733 3508 injuria
757 3421 904 3488 affectum
925 3424 1058 3510 rogabat
1074 3425 1222 3510 (Moneo),
1246 3432 1283 3489 ut
1305 3447 1364 3490 sua
1385 3425 1486 3492 inter-

325 3523 465 3590 cessione
484 3523 599 3590 malum
614 3525 753 3612 pelleret.
798 3524 873 3612 Ipse
887 3547 959 3591 vero
973 3547 1036 3590 non
1051 3525 1199 3614 neglexit,
1214 3525 1270 3592 sed
1285 3527 1395 3591 statim
1411 3549 1484 3615 suo

324 3629 505 3714 plicationes
533 3629 624 3694 fudit.
671 3628 766 3693 Unde
793 3628 950 3694 Dominus
974 3629 1134 3694 hominum
1163 3651 1274 3696 amans
1303 3631 1483 3708 declaravit,

324 3730 407 3818 quod
427 3752 490 3795 non
508 3729 607 3796 severi
624 3729 741 3817 judicis
760 3730 816 3794 sed
834 3730 933 3815 patris
955 3729 1055 3794 instar
1076 3753 1146 3796 eam
1168 3732 1379 3820 castigaverit.
1428 3733 1485 3798 Ait

160 3853 311 3894 nummu.
324 3833 424 3901 enim:
454 3836 493 3900 Si
506 3843 601 3920 pater
622 3834 685 3919 ηἰιι
705 3833 832 3919 spumaret
854 3835 889 3898 ιἰι
907 3835 1028 3918 sociem
1050 3835 1125 3920 ajam,
1148 3857 1245 3900 nonae
1266 3835 1485 3902 revereretur?

323 3948 433 4026 septem
447 3935 553 4002 diodor
566 3945 725 4022 amaretur
739 3945 827 4000 eatra
842 3946 954 4016 oestro,
971 3945 999 4002 ot
1010 3946 1115 4023 posteo
1129 3939 1271 4003 introeat.

390 4056 553 4122 XXXII.
606 4055 860 4142 Quandoquidem
876 4055 984 4142 aliqui,
1004 4055 1111 4122 neseio
1126 4079 1188 4144 qua
1201 4057 1321 4123 ratione
1335 4057 1428 4137 moti,
1447 4081 1486 4124 ex

325 4160 452 4226 dimidia
466 4167 554 4247 parte
569 4159 640 4225 Deo
655 4159 717 4223 vim
736 4157 879 4244 opificem
899 4158 1007 4222 mundi
1027 4160 1181 4238 adimunt,
1196 4183 1268 4226 eum
1289 4160 1387 4226 solius
1412 4183 1486 4248 qua

323 4263 431 4343 litatis,
441 4285 512 4350 quae
526 4261 664 4327 materiae
680 4261 771 4340 inest,
784 4281 910 4325 eausam
924 4270 1109 4342 asserentes,
1122 4263 1223 4349 ipsam
1235 4285 1307 4328 vero
1320 4264 1488 4364 materiam

373 4476 498 4528 XXXII.
540 4477 632 4526 Edited
649 4476 683 4541 by
699 4475 795 4524 Gom
813 4475 877 4525 Irom
926 4474 1339 4539 βιβλίονΕἰρηναίονσνγγμάφεως,
1356 4479 1488 4537 motat

325 4560 462 4622 God.3011
483 4559 512 4607 ol
527 4559 571 4607 the
591 4558 710 4608 Bodleian
730 4557 874 4619 collection,
929 4559 987 4606 εῖναι
999 4558 1128 4618 ἀγέννητον
1139 4557 1184 4617 τήν
1196 4555 1263 4617 ὕλην.
1288 4557 1396 4606 Photius
1408 4574 1488 4608 seems

319 4641 366 4706 fol.
380 4641 422 4691 ult.
448 4638 748 4702 Itbearatheepigrapb,
761 4639 878 4700 ἐξέτὶρου
928 4637 1260 4704 toalludetothetreatise.
1296 4637 1392 4689 Irttrud.
1407 4639 1475 4688 clxx.
